2640 4680
162 336 238 411 420
430 298 991 419 snrr'urarrorsns
1109 298 1118 381 s
1201 337 1205 344 ·

166 504 277 562 Persas
294 493 349 580 qui
371 495 434 557 orti
449 506 668 555 memorantur.
679 512 719 550 ex
730 487 850 549 illustri
868 487 990 548 familia
1003 501 1035 549 et
1048 476 1189 572 regibus
1203 498 1281 549 oon.

169 593 296 667 juncta,
321 602 407 640 nunc
428 578 618 662 Negabon,
649 575 725 635 alias
745 572 921 653 Megabyzi
939 577 1073 652 parvula
1088 572 1282 634 variatione

169 671 275 733 solent
289 665 406 729 acribia
430 676 596 744 utramque
610 661 744 721 formam
765 657 863 716 habet
882 656 1075 728 Herodorus5
1097 656 1282 718 secundam

155 758 289 833 isemper
306 748 432 825 Ctesias,
458 747 491 806 in
509 746 608 807 Phorii
624 749 734 804 anltem
750 741 937 822 Excerptis:
960 763 1033 801 narn
1052 740 1282 839 Megabaaum

169 857 270 899 exeo
292 833 444 916 producit
469 830 608 913 Stephon.
631 830 666 886 in
691 834 848 910 Κυρτοῖοι,
873 824 961 908 quod
983 847 1023 887 ne
1045 825 1148 886 nimis
1175 826 1284 888 calide

126 976 131 983 .
169 934 307 982 mutaret
324 920 357 977 in
372 914 601 1000 Megabyzum,
622 911 761 973 retinere
779 909 931 972 debuerat
945 909 1113 971 Berkelinna
1132 930 1209 971 non
1234 912 1284 996 ig0

169 1020 247 1067 nota
265 1003 443 1084 scripturae
459 992 638 1060 discordia:
663 995 736 1057 vide
748 994 969 1056 exactissimae
980 995 1084 1055 virum
1100 992 1283 1058 doctrinae

171 1089 205 1154 0.
220 1089 264 1152 A.
280 1087 427 1149 Dukerum
445 1083 485 1144 ad
501 1080 667 1166 Tbucyrlial.
688 1082 716 1158 I,
741 1087 810 1146 109·
835 1078 1030 1161 Corruptum
1045 1078 1283 1142 arbitroslite·

167 1177 214 1243 tis
231 1173 371 1253 trajectis
385 1171 419 1231 in
436 1168 573 1251 Xenopln
590 1166 710 1246 Cyrop.
724 1165 816 1228 VIII.
834 1185 867 1244 p.
887 1171 958 1231 136.
976 1185 1007 1225 v.
1026 1166 1079 1231 25.
1095 1160 1158 1223 ubi
1170 1163 1283 1245 Cyrus

170 1261 206 1320 in
223 1256 366 1319 Arabiam
380 1255 469 1314 misit
485 1249 677 1336 Μεγᾶζυβον.
697 1248 810 1310 Libora.
831 1252 869 1309 T.
884 1248 928 1310 11.
952 1269 983 1329 p·
999 1252 1073 1315 490.
1092 1246 1135 1313 0.
1159 1253 1195 1313 oi
1206 1247 1284 1325 roric

168 1344 237 1426 napi
249 1337 433 1426 Μεγάβαζον
443 1333 677 1443 'ainoursivnnpee
698 1337 731 1399 ἐν
746 1336 926 1440 ψρκιδονίρι
942 1329 1013 1413 μετὰ
1026 1329 1066 1431 'sd
1080 1335 1217 1402 δὲῖπνον
1232 1337 1282 1436 ἐυ-Ι

169 1426 605 1593 nigidii‘sifsffjttiffiziss
619 1419 1281 1573 “ittamtistitstss‘tb‘s‘btts

170 1597 250 1680 quit,
274 1595 331 1655 vix
347 1595 495 1654 Libonius
508 1589 648 1672 effugere
664 1603 782 1669 potest,
805 1588 883 1672 quin
897 1585 1052 1649 historiae
1068 1586 1217 1650 violatae
1234 1588 1279 1651 ait

170 1701 259 1758 reua3
288 1699 355 1738 non
379 1680 464 1739 enim
479 1676 547 1757 ipae
563 1673 760 1755 Megabazue
778 1694 817 1734 eo
835 1686 984 1748 venerat,
1016 1682 1147 1730 tantum
1165 1672 1277 1752 abest,

169 1778 206 1823 ιιι
221 1762 320 1823 fuerit
337 1762 536 1835 interfectus,
560 1757 615 1820 sed
630 1762 753 1840 legatos
768 1757 895 1818 miserat
908 1753 947 1815 ad
963 1756 1140 1836 Amyntam
1154 1758 1277 1820 Mace-

171 1846 296 1923 donem,
320 1860 399 1907 teste
413 1842 569 1905 Herodoto
584 1844 625 1923 V,
640 1850 691 1909 17.
708 1862 779 1902 cum
793 1862 859 1923 quo
874 1856 911 1901 ut
924 1840 974 1901 illi
993 1839 1185 1920 conveniet,
1210 1863 1275 1903 me·

168 1932 225 1992 lim
242 1953 318 1992 sone
331 1930 491 1992 lenissima
514 1949 609 1987 mann
628 1925 763 2000 mederi,
786 1929 819 1992 oi
828 1922 911 2005 nand
928 1920 1136 2010 Μεγαβάζου,
1158 1930 1275 1989 miano

168 2016 348 2097 Magabam.
391 2013 480 2075 Idem
495 2011 592 2073 horno
607 2011 718 2074 Ctesine
727 2009 938 2095 Megabyzus,
960 2009 1016 2070 sed
1031 2010 1160 2088 Dinoni,
1182 2009 1273 2096 qnod

170 2101 337 2184 aliquanto
352 2099 481 2182 longius
499 2096 606 2175 distet,
630 2096 777 2181 Bagauna
796 2096 881 2178 apud
901 2095 1013 2158 Athen.
1029 2094 1123 2175 ,xm
1143 2118 1179 2179 p.
1195 2103 1271 2164 609.

169 2184 208 2248 Α.
229 2180 250 2266 ἡ
272 2182 411 2270 Βαρᾶζου
432 2180 527 2269 γυνὴ,
554 2178 622 2265 ἥτις
638 2173 889 2263 ἦνιὸμουᾶτρνος
913 2180 1007 2264 Ξέρξῃ
1026 2173 1148 2262 ἀδελφὴ
1173 2179 1273 2265 ὄνομα

160 2267 309 2347 ’Ἀνουυνς
323 2272 460 2352 nuntiem
477 2261 518 2352 ἦν
532 2275 593 2334 τῶν
614 2269 647 2333 ἐν
661 2263 753 2353 Ἀσίᾳ
773 2271 926 2355 νυναινοῖν
947 2267 1000 2329 nni
1024 2257 1272 2353 ἇυολυστοιᾶτνχ·

169 2356 253 2427 scio,
287 2353 494 2415 Cambonum
514 2351 594 2414 haee
615 2373 689 2412 eum
709 2350 743 2410 in
764 2349 892 2412 modum
913 2350 1103 2428 reformare,
1134 2363 1177 2411 ut
1196 2373 1271 2414 oum

172 2437 268 2501 Caesio
281 2438 500 2499 eonsentient:
528 2457 640 2501 rernm
663 2456 719 2495 eur
732 2434 804 2494 viro
822 2433 965 2495 maximo
986 2454 1053 2497 non
1074 2436 1175 2514 plane
1198 2436 1270 2497 aub-

168 2522 320 2591 scribam,
351 2519 494 2581 rationes
518 2517 637 2594 habeo,
670 2538 748 2598 quas
762 2539 848 2578 nnnc
862 2517 988 2599 quidem
1005 2518 1171 2598 explicare
1185 2541 1272 2582 com.

168 2603 298 2664 modum
310 2624 379 2663 non
392 2617 458 2663 estr
481 2624 522 2664 ex
536 2622 576 2663 eo
591 2615 695 2661 antem
711 2599 792 2660 mibi
799 2600 966 2685 probabile
979 2600 1035 2678 fit,
1051 2598 1204 2667 Persicae
1216 2628 1272 2666 rn-

167 2689 214 2750 eis
231 2687 452 2770 asperitatem,
475 2701 513 2746 ut
526 2682 673 2747 solebant
686 2684 824 2767 saepius,
845 2685 1038 2749 emollivisse
1053 2687 1209 2769 Graecos,
1232 2690 1273 2751 ed

167 2794 304 2840 suaeoue
317 2772 448 2855 linguae
473 2767 720 2831 similitudinem
734 2791 771 2830 ao
784 2770 946 2840 mitiorem
962 2770 1273 2837 sonnmadeommo.

166 2840 275 2922 dadae:
298 2876 395 2939 quare
409 2859 483 2928 eoa‚·
500 2855 556 2941 qui
569 2853 710 2915 nominis
723 2853 829 2933 istius,
853 2869 1005 2940 tanquam
1021 2856 1050 2915 si
1067 2854 1108 2917 de
1123 2858 1272 2943 genuina

167 2941 435 3024 pronuntiatione
448 2939 576 3026 liquido
591 2952 770 3017 constaret,
793 2939 951 3025 originem
965 2962 1005 3003 ex
1017 2939 1181 3005 hodierno
1195 2942 1272 3007 Per·

167 3049 273 3088 sarum
287 3046 434 3089 sermone
445 3040 590 3109 repetere
605 3036 772 3108 satagunt,
803 3024 833 3085 si
856 3027 926 3110 quia
941 3025 976 3085 in
995 3024 1136 3087 tenebris
1148 3028 1274 3090 micare

165 3112 348 3188 existimet,
371 3109 411 3171 ab
434 3110 591 3194 opinione
607 3131 677 3172 mea
699 3130 766 3171 non
780 3113 915 3170 multum
939 3107 1117 3173 dissidebit.
1163 3110 1270 3175 Porro

166 3195 206 3256 ud
220 3198 383 3256 Persarum
396 3194 593 3277 Megabyzos
610 3214 703 3278 qnam
718 3214 818 3275 prope
834 3192 1133 3278 accedant,·quidre
1146 3190 1270 3261 babue-

119 3322 123 3327 -
164 3281 232 3340 rint
244 3301 414 3342 eommune
427 3280 556 3343 Dianae
571 3276 733 3361 Ephesiae
745 3277 935 3358 sacerdotes,
951 3277 1271 3345 nonfaoiledixeros

95 3400 102 3420 ι
164 3385 220 3424 eos
237 3379 338 3438 certe,
360 3365 526 3448 ιοιι-ἷεριῖς
538 3364 609 3427 sive
623 3358 812 3448 νεωκόρους,
837 3356 1015 3448 adpellatoe
1036 3362 1140 3425 fuisse
1159 3370 1272 3453 Meye-

163 3446 276 3524 βύζους
292 3464 358 3509 tam
378 3448 552 3511 luculentis
575 3462 716 3509 veterum
745 3448 936 3510 testimoniis
958 3445 1208 3529 estimatum,
1232 3464 1274 3513 nt

163 3537 273 3592 nullus
291 3531 492 3597 dubitationi
507 3535 637 3595 relictus
652 3532 816 3594 sitlscus:
840 3531 956 3596 diserte
970 3532 1081 3595 Strabo
1093 3532 1182 3598 XIV.
1193 3556 1277 3621 pag.-

161 3620 237 3683 9⁵0.
256 3619 295 3677 A·
307 3613 424 3700 Ἰερὲας
435 3613 469 3685 δ’
483 3611 649 3701 εὐνούχους
664 3612 758 3700 sipon,
781 3613 839 3693 ode
856 3614 987 3686 ἐκάλουν
1004 3616 1269 3703 Μεναλοβόζουι,

160 3703 215 3765 nui
227 3697 394 3785 ἀλλαχόθεν
412 3699 566 3786 μετιόντας
581 3699 631 3768 eiad
643 3728 729 3779 τινας
739 3699 846 3780 ἀξίους
856 3710 912 3786 τῆς
924 3701 1278 3785 counienssnsotseoteisap,¹

160 3777 304 3871 καὶῆγον
318 3789 350 3851 ἐν
363 3796 438 3875 τιμῇ
449 3788 577 3878 μεγάλῃ·
606 3795 808 3873 muniades
832 3788 865 3855 di
885 3786 1005 3864 τούτοις
1033 3790 1122 3869 ἐχρῆν
1146 3790 1267 3875 sepvi-

157 3896 247 3946 υνυς.
260 3871 436 3934 Strabonem
448 3876 483 3935 in
500 3874 562 3938 beo
574 3893 684 3936 caussa
690 3887 804 3935 testem
813 3873 886 3959 quis
891 3872 1032 3956 prudens
1046 3872 1267 3953 aspernetur?

157 3957 213 4039 qni
225 3956 353 4038 etipse,
377 3957 507 4041 quando
523 3957 648 4043 presi
668 3946 872 4036 versabatur,
894 3956 1131 4037 curiosissimus
1157 3978 1269 4023 rerum

157 4041 359 4125 antiquarum
379 4044 551 4128 indagator
574 4043 687 4194 (ptuit
704 4043 885 4119 sciscitari,
914 4055 948 4103 et
966 4045 1142 4126 Appiam
1164 4040 1270 4106 babet

157 4125 562 4218 nonagesimam
630 4123 948 4220 pereant-ts
966 4126 1190 4215 a'ssstseti
1207 4132 1274 4213 tia
