2640 4680
187 334 236 386 xc
285 397 288 408 Ι
389 332 629 386 nectarus
680 292 775 389 uuit
826 330 1081 391 aurursus
1166 293 1168 297 ⁵

100 479 104 495 '
189 483 295 562 cavit,
318 481 376 551 ,rel
402 480 497 547 notris
516 478 655 565 contigit
671 480 846 564 inuenire,
852 461 948 547 ''le
924 502 967 548 ns
981 454 1051 565 jam
1051 481 1216 550 breviter
1234 484 1295 552 ‹li-

187 606 309 652 tamti&
483 667 494 706 Ι
670 628 672 637 ·

30 797 32 802 ’
142 832 144 836 »
197 767 209 799 ³
270 790 313 856 In
334 791 484 874 dialogo,
519 765 584 877 quo
610 791 818 857 Luci-onor
850 814 921 858 non
936 803 1066 861 temere
1086 749 1290 860 aradorium

162 890 259 960 'esse
285 893 579 959 calumniatoribus
606 891 736 974 docet,
764 897 872 961 multa
897 898 1023 983 reperit
1054 895 1289 976 Kertonos,

185 1019 273 1084 quae
286 997 327 1062 ad
344 995 553 1060 Christianos
565 1004 737 1080 spectent,
759 1001 981 1077 maximarum
994 1001 1084 1069 mole
1101 1003 1291 1066 calumnia-
1308 1026 1310 1034 ·

182 1122 258 1165 rum
274 1112 468 1187 oppressos,
488 1117 594 1160 unum
617 1095 702 1163 illud
718 1100 818 1180 longe
836 1111 872 1164 st
884 1088 1118 1182 gravissimum
1135 1115 1170 1166 et
1183 1102 1288 1189 aperss·

180 1203 361 1285 tissimum,
382 1197 472 1286 quod
485 1218 555 1283 cap.
571 1196 662 1262 XIV
664 1245 672 1263 .
694 1197 756 1266 To.
779 1199 879 1290 VIII.
900 1225 933 1289 p.
956 1209 1009 1272 45.
1032 1207 1174 1287 legitur:
1199 1203 1288 1290 Πρός

180 1302 236 1370 τὸν
257 1301 367 1387 εὐσεβῆ
379 1305 432 1368 sol
446 1296 598 1385 φιλὸθεον
612 1298 705 1379 ἄθεος
719 1305 773 1370 καὶ
790 1299 917 1381 ἀνόσιος
936 1301 954 1370 ὅ
978 1309 1067 1388 φίλος
1086 1307 1285 1391 διαβάλλεται,

137 1416 142 1435 ¹
180 1411 232 1474 καὶ
250 1402 293 1484 or‘c
306 1403 442 1472 τᾶθιῖον
456 1399 706 1488 acquisissent.
751 1404 888 1472 Scilicet
901 1409 1110 1472 haecreierri
1122 1431 1191 1472 non
1205 1432 1285 1497 pos-

176 1530 217 1593 se
240 1512 306 1574 nisi
327 1509 369 1574 ad
388 1504 611 1591 Christianos,
635 1506 774 1594 quibus,
806 1507 983 1574 Antonino
1000 1508 1060 1576 Pio
1084 1513 1285 1599 imperante,

177 1611 259 1696 quid
272 1630 365 1677 error
383 1612 567 1694 affinxerit,
590 1611 670 1699 quid
688 1610 820 1676 invidia
835 1613 1006 1692 conflarit,
1034 1616 1114 1679 sotis
1138 1616 1284 1695 intelligi

177 1734 223 1776 ex
249 1710 401 1777 Caesaris
431 1712 559 1793 edicto,
589 1713 677 1799 quod
698 1735 759 1799 pro
778 1715 821 1776 iis
845 1703 972 1777 tulerit.
1024 1713 1071 1780 At
1091 1717 1183 1778 euim
1201 1736 1283 1779 vero

84 1901 86 1904 y
177 1838 287 1903 neque
309 1815 348 1889 in
371 1813 578 1878 Christianos
604 1814 725 1877 cadunt
750 1836 834 1901 quae
854 1818 968 1903 paullo
989 1809 1099 1880 antea
1121 1816 1283 1903 scriptore

167 1921 279 1984 'allata
300 1929 380 1980 suot
406 1915 633 1982 calumniandi
659 1919 830 2001 exempla,
848 1971 849 1974 ,
866 1938 976 2004 neque
1001 1921 1040 1981 in
1055 1917 1280 1999 Antoninum,

86 2027 88 2032 '
176 2041 262 2107 quae
289 2021 394 2084 uerba
413 2040 495 2082 mox
514 2006 708 2105 sequuntur.
752 2018 909 2102 Magnam
929 2023 1001 2099 ejus
1016 2022 1180 2084 novimus
1204 2042 1281 2101 erga

52 2193 77 2203 ‚,
137 2108 140 2112 ’
175 2119 383 2184 Christianos
403 2119 668 2185 moderationem
686 2132 721 2182 et
740 2119 955 2203 sapientiam,
979 2141 1059 2205 qua,
1081 2128 1120 2178 ut
1135 2118 1190 2196 fit,
1214 2118 1279 2179 ad-

11 2226 43 2307 s,
94 2284 95 2288 ,
173 2225 401 2288 versariorum
422 2223 604 2286 calumnias
628 2221 824 2283 infamavit:
853 2219 912 2283 sed
927 2221 1193 2308 tolemprolecto
1209 2235 1278 2282 nou

173 2329 331 2392 novimus
346 2326 441 2410 pium
454 2321 706 2408 Imperatorem,
730 2322 797 2405 qui,
836 2320 949 2385 audita
964 2322 1140 2397 calumnia,
1163 2325 1277 2386 statim

168 2426 335 2503 (utimur
324 2426 406 2510 rpsis
429 2427 605 2484 Lacetani
624 2422 760 2499 verbis)
782 2423 877 2484 velut
898 2433 1008 2485 oestro
1023 2424 1158 2508 percitis
1181 2424 1275 2486 auri
1298 2429 1300 2434 '

170 2528 488 2606 bus,1nflammatus,
499 2544 559 2585 nec
576 2542 704 2584 moram
721 2524 834 2585 ferens
848 2521 1045 2602 diligentis
1032 2518 1273 2611 inquisitionis,
1313 2567 1315 2571 ι

121 2610 136 2616 '¹
168 2629 333 2715 repulerit
347 2628 489 2706 amicos3
512 2644 621 2710 neque
639 2617 820 2688 amicorum
833 2625 969 2688 nomine
983 2614 1107 2691 deferri
1134 2625 1176 2690 acl
1194 2646 1273 2690 eum

168 2740 326 2818 poterant
353 2727 546 2792 Christiani.
599 2725 826 2819 Quamobrem
850 2726 944 2790 nobis
965 2728 1089 2791 rectius
1113 2727 1273 2792 videntur

166 2823 380 2912 judicavisse,
404 2851 461 2914 qur
451 2829 649 2892 verbailla
666 2827 706 2892 ad
729 2829 945 2890 Lateranum
965 2832 1087 2915 ipsum,
1109 2831 1272 2916 impieta-

166 2938 212 3001 tis
228 2948 432 3020 accusatum,
462 2934 665 3012 retulerunt,
702 2932 758 2994 cui
781 2934 904 2994 multos
930 2933 1065 2995 fuisse
1055 2935 1209 2998 mimicos
1233 2947 1268 2996 et

111 3077 112 3080 =
166 3041 415 3114 obtrectatores,
434 3057 477 3099 ex
495 3035 628 3120 scriptis
645 3037 716 3112 ejus
732 3023 962 3118 intelligimus,
979 3036 1115 3142 quintum
1130 3035 1268 3114 luerint,

165 3163 235 3204 ιιοιι
249 3141 315 3237 nisi
333 3142 520 3220 conjectura
536 3157 669 3252 assequi
659 3136 772 3201 lieet.

246 3343 469 3431 Praecipuum
482 3324 681 3427 quemdam
669 3362 707 3401 ιιι
718 3313 762 3400 iis
772 3339 898 3419 „locum
919 3338 1109 3406 habuerunt
1128 3345 1264 3405 ventosi

160 3447 213 3511 illi
226 3445 431 3531 philosophi,
454 3444 619 3507 erroribus
637 3443 707 3504 suis
720 3458 789 3504 non
801 3441 905 3520 magis
920 3461 1019 3525 quam
1040 3445 1158 3528 populi
1181 3463 1263 3506 aura

159 3549 288 3626 inflati,
311 3547 621 3631 quimonachorum
639 3540 902 3607 mendicantium
916 3563 1010 3608 more
1025 3545 1090 3623 ³⁸),
1107 3545 1261 3607 civitates

158 3650 320 3736 gregatim
333 3648 507 3730 obeuntes,
524 3657 648 3734 quanto
664 3643 886 3731 capillatiorss
901 3657 997 3710 erant
1011 3647 1179 3734 barbaque
1193 3668 1262 3713 ma,

163 3882 376 3897 *ιι-αι.-

164 4016 236 4115 ¹⁴38)
257 4044 330 4100 Cum
343 4044 389 4100 his
401 4052 484 4101 acute
497 4043 563 4100 illos
574 4043 753 4118 'compererit
768 4009 984 4101 Wielundtre
1001 4044 1055 4101 To.
1070 4047 1095 4100 1.
1109 4062 1140 4121 p.
1153 4062 1214 4116 ⁴4⁰·
