2640 4680
165 334 245 405 ut
417 312 984 390 susorsurouns

145 528 148 535 ·
166 514 214 562 est
231 488 416 575 capiendus.
461 486 513 547 lbi
530 488 646 547 Plutus
657 485 847 569 neutiquam
863 506 933 544 cuns
949 481 1271 551 Themurosuosss

166 580 327 651 funditur,
345 577 652 654 antejuspersonsm
665 572 813 646 adsumit,
829 569 884 629 sed
896 567 1270 635 coutraaMerourio'sl·

166 678 327 736 monetur,
337 658 420 719 ntad
436 659 577 741 ligonem
585 658 734 716 Timonis
749 653 903 715 fodientis
911 654 1094 717 exintinsis
1108 656 1270 735 terrearis·

167 750 293 814 neribus
307 745 490 806 thesaurum
506 756 703 823 protractum
715 740 884 800 submittat
893 738 1094 817 etsdducat,
1104 742 1269 825 quippsit·

168 828 320 899 clementi
333 830 429 890 Pluto
446 827 745 905 obtemperaturum.
790 826 894 898 llaec,
925 824 975 883 uti
993 823 1163 901 decebat,
1195 826 1232 889 sd
1246 848 1273 887 s·

166 918 299 982 mussini
314 912 474 996 quadrant
485 933 556 971 cum
572 911 623 988 iis,
647 932 728 993 quae
743 908 898 970 Lucienus
914 909 1149 989 explicuit'o.
1172 918 1268 983 225⁰.

168 1005 215 1067 ibi
238 996 479 1063 solicitudinem
500 996 678 1071 Mercurii,
709 993 794 1076 quod
816 991 1020 1055 Thesaurum
1039 994 1114 1055 sibi
1141 997 1268 1059 sonitu

167 1111 236 1153 non
250 1078 491 1157 adscivissent,
503 1079 548 1140 ita
566 1078 654 1141 sedat
668 1079 802 1155 Plutus,
825 1092 864 1137 ut
876 1078 960 1138 nihil
977 1080 1014 1137 iu
1033 1102 1075 1143 en
1095 1102 1137 1145 re
1153 1080 1268 1161 perimi

168 1195 235 1237 esse
252 1168 430 1239 confirmet,
455 1163 615 1247 siquidem
632 1166 735 1244 ipsum
750 1165 787 1225 in
802 1178 885 1224 terra
898 1163 1053 1227 relictum
1074 1166 1178 1231 intus
1192 1172 1268 1251 jussa·

168 1260 213 1319 rit
230 1273 374 1328 manere,
398 1272 457 1311 nec
472 1250 624 1331 cuiquam
642 1249 781 1330 aperire,
813 1247 878 1307 nisi
890 1268 922 1307 se
938 1246 1118 1317 audiverit
1144 1272 1268 1315 evocas·

168 1358 243 1404 tem.
289 1337 376 1399 Olim
401 1340 435 1393 in
454 1349 589 1395 mentem
605 1334 685 1393 mibi
701 1346 848 1407 venerat,
869 1328 953 1414 Ἐγώ
966 1333 999 1395 di
1017 1340 1145 1401 τοῦτον
1159 1330 1267 1417 busur}

168 1449 271 1506 σομαι,
293 1426 425 1505 ego'rrero
442 1420 520 1480 bunc
540 1419 719 1497 Thesaurum
735 1419 790 1479 tibi
802 1417 856 1479 sub
870 1416 967 1498 ligone
980 1424 1199 1499 conditum,
1217 1423 1266 1495 vol,

166 1531 337 1573 tonsorem
346 1530 402 1589 pro
417 1530 463 1565 me
476 1503 572 1566 dabo:
605 1502 692 1583 quod
707 1524 794 1563 nunc
809 1502 944 1563 damno:
974 1523 1054 1565 nam
1076 1520 1117 1567 et
1135 1506 1268 1569 'scribu-

169 1538 245 1657 ‹iiun
259 1596 343 1655 forst
356 1587 538 1668 insontium,
562 1603 595 1649 et
606 1592 697 1648 locus
712 1588 854 1671 Hesycbii
872 1590 968 1671 louge
987 1586 1172 1653 diversunt
1192 1590 1267 1653 lists

167 1701 310 1751 sensum:
332 1674 501 1756 ὑποστῆσαι
510 1674 595 1735 enim
614 1673 641 1730 is
652 1671 781 1747 dicitur,
801 1671 857 1752 qui
866 1692 923 1751 pro
940 1693 974 1731 so
990 1672 1114 1753 alium,
1140 1690 1183 1737 ut
1194 1686 1266 1749 sust.

167 1767 238 1826 sive
252 1760 339 1848 quod
349 1762 417 1840 ipse
434 1760 512 1819 velit
526 1759 647 1818 interea
662 1762 770 1833 latere,
794 1757 863 1816 sive
872 1770 1117 1839 'quamcunque
1135 1760 1181 1823 ‘ob
1195 1780 1266 1823 osus·

167 1872 246 1924 sam,
270 1848 424 1909 vicarium
444 1842 624 1903 substituit.
648 1843 783 1905 Hester.
803 1843 844 1903 ll.
891 1842 1031 1921 Reperta
1056 1844 1100 1905 iu
1125 1844 1266 1931 Aust

168 1935 237 1996 ctio
262 1928 487 2010 ὖηεκσςήσομαι
517 1930 637 1986 nullam
665 1926 801 2005 amplius
832 1924 1073 1987 dubitationem
1108 1930 1266 2017 relinquit,

72 2014 77 2033 ¹
167 2019 247 2104 quin
265 2019 313 2078 sic
337 2037 410 2076 vere
431 2012 595 2094 scripserit
609 2011 772 2073 Lucienus.
816 2011 955 2071 Verbum
981 2010 1100 2090 ipsum
1132 2013 1269 2095 ltus-ipss

104 2096 107 2102 ¹
166 2105 204 2163 vi
221 2116 254 2163 et
268 2098 510 2163 constructione
525 2094 610 2176 apud
632 2097 772 2157 Nostrum
789 2093 958 2156 admodum
978 2097 1160 2180 frequens,
1203 2097 1268 2165 Phi·

166 2192 251 2270 lops.
275 2193 328 2253 29.
342 2188 451 2249 Amor.
468 2191 518 2251 17.
535 2196 568 2241 st
581 2183 720 2262 saepius.
742 2183 863 2242 Leston.
1036 2222 1050 2233 .
1113 2188 1116 2193 '

172 2294 175 2299 ·
253 2271 331 2335 Eat.
354 2275 377 2334 l.
403 2275 451 2338 15.
469 2261 517 2333 Ὦ
534 2273 596 2331 Ζεῦ
608 2266 761 2353 risurus)
785 2264 980 2351 Prodigislis
989 2263 1136 2355 Jupiter
1147 2272 1268 2335 insum

168 2354 279 2435 bstur,
310 2371 347 2416 ut
367 2354 517 2438 prodigia
539 2352 620 2413 bene
643 2358 781 2413 verteret
806 2349 866 2417 iis,
897 2350 1015 2432 quibua
1031 2351 1267 2421 obvenisbant:

168 2456 239 2502 etat
255 2455 361 2500 autem
378 2437 574 2519 prodigium,
586 2437 654 2495 ictu
667 2436 787 2518 ligonis
796 2432 977 2494 thesaurum
991 2434 1160 2507 effodere.
1174 2440 1267 2515 -cm

255 2523 335 2584 [bill.
362 2525 451 2586 ‹llllm
467 2516 682 2602 Κορύβαντες)
704 2520 820 2579 Estote
842 2518 922 2577 mibi
943 2518 1166 2603 intentasse>
1184 2526 1269 2607 Coq-

167 2604 292 2669 bantes.
337 2605 515 2667 Videbatur
527 2604 643 2663 Timon
659 2602 721 2662 sibi
743 2607 961 2688 κορυβαννιᾷν,
984 2602 1050 2665 hoo
1066 2624 1144 2689 est,
1157 2610 1268 2699 fam,

168 2708 240 2754 cum
260 2691 321 2752 sibi
338 2692 427 2753 visus
443 2703 526 2750 esset
539 2709 611 2747 cum
633 2685 759 2747 duobus
772 2686 850 2747 viris
866 2690 1029 2768 colloqui,
1054 2694 1123 2775 qni
1136 2718 1177 2761 n
1194 2698 1268 2759 Dm

168 2777 337 2855 dicebant,
369 2773 486 2836 deinde
508 2772 690 2845 thesaurum
706 2771 865 2836 invenire.
916 2772 981 2833 vix
1003 2775 1227 2853 trimitania
1244 2800 1268 2841 tt

167 2878 232 2924 tam
250 2864 405 2923 inusitato
421 2857 570 2920 credebat
585 2854 688 2918 oculis
702 2858 780 2935 suis,
802 2872 835 2919 et
849 2878 944 2919 sanus
960 2879 1001 2919 ne
1020 2876 1113 2925 esset
1129 2865 1208 2949 ipss
1222 2864 1267 2928 sl·
1302 2868 1308 2879 '

168 2947 348 3008 dubitabat.
391 2944 471 3007 Ideo
490 2944 623 3004 invocat
636 2940 834 3024 Corybantes
850 2942 971 3004 furoris
983 2946 1173 3027 praesides,
1190 2950 1268 3013 uiti·

166 3032 202 3092 bi
221 3034 367 3094 faventes
382 3032 458 3091 sint.
506 3022 680 3113 Corybantes
695 3043 728 3089 et
749 3026 865 3091 Curetes
881 3043 970 3089 erant
987 3032 1156 3097 satellites
1175 3034 1266 3123 josia,

169 3117 227 3199 qui
244 3116 344 3177 instar
361 3118 546 3175 insanorum
561 3113 645 3173 circs
660 3134 734 3173 eum
751 3116 880 3175 saltasse
900 3110 1012 3186 armati
1027 3112 1200 3187 ‹linuntur-
1212 3124 1267 3203 oly-

166 3222 245 3283 neos
263 3202 364 3261 bustis
379 3199 569 3259 tundentes:
598 3217 660 3278 qna
681 3195 721 3258 de
741 3219 776 3259 re
799 3195 874 3259 vids
896 3195 1015 3261 Gallim.
1032 3198 1079 3260 H.
1093 3199 1134 3263 in
1152 3206 1234 3271 Jnv,
1245 3224 1267 3269 s.

166 3293 219 3353 52.
235 3292 369 3368 ejusque
385 3284 503 3365 interp.
537 3287 604 3348 Τῶν
619 3283 653 3347 δὲ
667 3277 874 3365 Κορυβάντων
887 3277 1073 3366 ὄνχηστιιιιῖιι
1095 3290 1154 3355 snt
1170 3292 1268 3361 Mos

167 3378 329 3435 σιαοτινῶν
342 3367 438 3435 ὅντων
445 3417 455 3447 ,
477 3369 526 3431 nul
540 3367 613 3441 notit
625 3374 759 3448 μανικοῖς
770 3369 973 3448 κινουμένους
986 3374 1211 3463 nouom
1224 3384 1269 3459 ,ι

165 3457 239 3535 μέν·
262 3455 358 3516 verba
375 3466 452 3514 sunt
473 3452 629 3514 Strabonis
648 3450 690 3512 X·
707 3474 738 3533 p-
755 3459 829 3520 326.
845 3452 949 3516 Curta.
993 3449 1082 3534 Quia
1103 3456 1269 3543 corybas.

167 3554 215 3598 tes
230 3538 410 3600 metallarii.
432 3538 593 3600 Aaronem·
638 3536 715 3598 lllos
738 3536 857 3599 furoris
879 3553 1103 3621 terrorumque
1125 3544 1280 3629 repandi

167 3644 283 3683 norum
300 3638 445 3683 auctores
460 3619 699 3703 propitiabant,
722 3622 750 3682 si
768 3621 857 3704 quod
872 3635 1057 3705 portentum
1082 3640 1152 3687 ant
1169 3628 1270 3715 prodi

161 3709 255 3789 'gium
272 3708 382 3768 subito
405 3706 519 3768 fuisset
536 3703 695 3782 oblatum,
719 3721 946 3790 stuporemque
965 3705 1134 3777 excitaret.
1149 3730 1165 3763 α·
1186 3714 1272 3779 Sini-

166 3793 243 3854 liter
254 3798 412 3854 exclamat
421 3791 548 3873 juvenis
563 3791 618 3854 ille
629 3792 868 3875 Aristophaneus
881 3792 1173 3877 insensatarum,
1201 3820 1272 3885 qum

79 3913 82 3917 ·
167 3897 263 3964 supra
276 3891 427 3983 Portenta
443 3876 577 3959 quaevis
586 3878 801 3954 aversabatur,
824 3897 935 3938 manus
951 3892 1059 3958 prope
1069 3876 1274 3963 direpim-

159 3960 382 4049 &Uipsanium
399 3954 447 4023 Ὦ
466 3968 585 4039 Πᾶνες,
613 3954 638 4028 oi
659 3958 869 4046 Κορυβανιες,
892 3952 919 4025 d
940 3958 1123 4045 Διοςιιόοιι,
1144 3966 1273 4033 Eccles.

168 4070 200 4112 v.
216 4056 308 4116 1061.
331 4047 436 4108 Notat
447 4048 494 4108 ibi
510 4048 624 4111 Faber:
652 4048 706 4110 Ex
719 4046 852 4111 Lasiam·
866 4047 993 4121 Timone
1010 4044 1142 4130 adparet
1163 4052 1275 4139 (sarta

169 4133 290 4196 slinntle
312 4136 444 4208 constat)
475 4130 655 4215 Corybantes
681 4132 767 4195 bonis
791 4128 972 4219 ιιιιοιιιιᾶιί
992 4130 1078 4207 rebus
1098 4140 1274 4231 ’,ταφὴ
