2640 4680
370 371 436 420 ru
493 369 863 424 ntettlnutl.
1090 355 1165 428 271

65 527 112 598 2,
135 468 402 599 utbersusserim
421 517 522 590 mibi,
544 517 576 583 δὲ
599 517 633 577 in
657 512 695 600 δὴ
717 517 905 579 mutandum
924 538 1009 594 essc3
1033 518 1169 604 quoties

65 604 172 684 ipsum
180 604 384 666 Submiederus
397 604 488 665 fecit.
506 603 602 687 Quod
616 603 643 663 si
659 617 744 665 recte
754 604 854 666 fuerit
867 603 1000 681 factum,
1011 609 1074 686 jem
1090 628 1166 684 uns,

63 689 236 772 cademque
251 690 393 750 maxims
407 688 529 749 sublata
543 688 605 750 erit
622 690 748 766 c'aussa,
773 687 816 748 ob
832 709 927 771 quam
949 687 1045 750 verba
1058 684 1117 770 ὑφ’
1130 681 1171 774 ἧς

63 794 132 834 nou
154 773 326 836 videantur
349 773 426 853 ferri
449 786 555 855 posse.
599 773 682 836 Nam
704 771 791 856 quod
814 770 927 833 rudior
942 778 1120 855 paullulum
1135 791 1170 841 et

62 857 221 920 incultior
236 856 457 921 Hemsterbusio
471 871 629 919 structura
650 879 717 919 esse
739 855 884 939 videtur,
908 856 967 936 id,
986 860 1170 942 nescioqui

62 941 136 1020 fist,
159 954 199 1003 nt
217 966 291 1005 uou-
306 943 480 1027 adsequar,
506 963 603 1024 quum
625 940 808 1024 praesertim
830 941 868 1006 V.
883 943 928 1003 D.
946 941 1060 1019 addat,
1076 942 1169 1006 -illud

62 1049 96 1088 se
111 1049 410 1104 recommemorare
426 1027 554 1112 quidem
569 1032 673 1103 velle,
693 1024 782 1109 quod
796 1019 857 1106 ὑφ’
871 1017 910 1107 ἧς
922 1023 1066 1110 (ἡδονῆς)
1085 1041 1118 1091 et
1132 1026 1167 1095 τὰ

60 1119 183 1178 τοιοῦτο
199 1120 300 1196 φῦλον
313 1119 375 1177 τῶν
387 1107 510 1194 ἡδονῶν
519 1124 631 1194 parum
644 1124 790 1172 accurate
802 1109 867 1171 sibi
881 1111 1021 1175 invicem
1035 1134 1167 1196 respon.

63 1196 170 1259 deaut.
214 1198 346 1260 Αιδοοο
358 1197 430 1279 ipsa
443 1196 537 1259 verbs
549 1202 611 1261 ’τῶν
623 1191 747 1277 ἡδονοῑν
760 1196 902 1256 maxime
917 1211 1164 1281 suntsuspeeta,
1211 1271 1213 1277 .

61 1283 214 1366 quoniam
232 1287 320 1363 nulla
332 1283 458 1342 ratione
473 1304 543 1341 cum
559 1279 822 1344 antecedentibus
843 1280 1054 1364 conveniunt.
1097 1284 1167 1353 Fu-

61 1381 156 1428 erunt
171 1370 267 1430 etiam
284 1366 426 1428 Jacobsio
441 1378 603 1447 suspecta,
629 1366 733 1448 quiin
746 1365 877 1427 Porson.¹
888 1364 1036 1429 Adterss.
1051 1373 1167 1449 eonie'·

63 1454 178 1517 citeris
193 1457 318 1534 Κηροῑν,
328 1449 497 1511 admodum
516 1450 781 1532 improbabiliter.
806 1452 874 1512 lmo
889 1472 961 1513 cum
976 1452 1170 1517 Scimiedesu
1265 1466 1268 1471 ⁴

62 1537 151 1599 facio
166 1543 299 1619 ejusque
315 1555 445 1596 censore
458 1535 601 1611 lenensi,
625 1534 681 1618 qui
695 1556 749 1610 ea,
773 1536 1073 1620 tauquamournino
1089 1558 1164 1619 spu·
1185 1557 1192 1568 ’

60 1622 110 1682 ria
125 1636 157 1682 et
173 1645 189 1682 e
207 1626 396 1705 glossemate
412 1632 507 1695 orta,
528 1640 658 1703 prorsus
679 1617 838 1701 ejiciendo
859 1632 1008 1687 statuere.
1047 1623 1166 1704 Itaque

61 1707 277 1769 Hemsterbusis'
295 1701 568 1782 emendationem,
599 1703 805 1787 quantumvis
821 1704 1025 1791 ingeniosam
1048 1722 1079 1768 et
1101 1712 1165 1767 ele·

61 1806 208 1874 gentem,
231 1812 324 1876 quam
336 1788 519 1851 Atrescttus'
530 1789 660 1851 Dilucc.
678 1787 782 1852 Thus.
805 1810 836 1871 p.
853 1797 904 1858 56.
928 1792 1024 1852 etiam
1037 1786 1166 1853 verissi-

61 1898 144 1936 mam
167 1874 305 1958 judicat,
338 1896 393 1935 cur
414 1872 629 1951 admitterem,
658 1873 823 1935 nonsatis
845 1874 1015 1936 videbatur
1035 1896 1166 1936 caussae

58 1983 135 2023 esse.
159 1961 272 2046 Neque
286 1983 344 2042 pro
360 1954 606 2040 ὑποκλυζομένης
619 1962 744 2019 mollem
759 1960 865 2038 ἐπικλ,
875 1980 981 2043 oeque
994 1959 1076 2020 illud
1092 1980 1165 2020 cunr

58 2046 225 2109 Abresebs'o
240 2050 262 2107 1.
278 2051 299 2109 l.
323 2046 369 2104 ita
391 2043 490 2119 sumi,
516 2065 575 2106 ceu
596 2048 722 2126 legatur
737 2038 918 2127 κλοζομένης
936 2040 1089 2108 πάντοθεν
1106 2035 1165 2108 ὑπ’

58 2128 170 2194 αὐτῶν.
215 2131 323 2191 Habet
338 2128 424 2190 enim
439 2123 518 2203 ὗπὸ,
541 2127 630 2188 utin
651 2122 818 2210 ὗπορρεῐν,
839 2123 1009 2205 ὑποδῦναι,
1029 2125 1167 2212 instrip-

58 2222 181 2299 ηεοθάι,
212 2238 239 2279 e.
260 2236 308 2290 a.,
338 2213 384 2272 ita
404 2227 436 2272 et
460 2212 494 2272 in
516 2207 753 2290 δποπλύζεοθαι,
776 2210 943 2274 notionem
966 2218 1050 2294 ejas,
1075 2213 1166 2296 quod
1271 2269 1273 2272 ,

60 2299 141 2384 quid
160 2299 339 2384 paullatim,
368 2300 420 2359 vel
432 2295 561 2381 fissum,
595 2295 661 2360 liat.
713 2295 901 2379 Imprudens
920 2297 1026 2357 anime
1047 2299 1164 2359 sensim

58 2385 239 2467 sensimque
255 2381 432 2442 inundatur
445 2381 483 2440 ab
498 2381 644 2466 undique
664 2377 811 2442 affluenti
828 2386 1012 2463 voluptate,
1036 2380 1102 2460 ita,
1120 2390 1166 2443 'ut

58 2470 229 2530 abluantur
250 2467 367 2530 sensim
395 2486 505 2528 omnes
532 2465 678 2527 virtutes.
730 2464 822 2548 Quae
845 2469 925 2546 jam,
954 2481 1165 2551 posteaquam

57 2555 137 2615 haec
153 2542 271 2637 scripta
288 2564 409 2630 esseut,
433 2570 452 2610 a
470 2547 548 2612 Gaii.
564 2549 785 2634 Longiodicta
800 2552 926 2632 reperio
944 2549 984 2611 cd
1006 2570 1163 2618 commen·

57 2636 194 2698 dandam
209 2642 294 2720 conj.
310 2644 447 2720 τροφῆς,
469 2654 536 2695 non
554 2652 630 2697 suut
645 2632 823 2718 ejusmodi,
846 2648 1070 2720 utrpropterea
1086 2645 1164 2699 con·

56 2724 285 2783 silium‘menm
300 2720 487 2782 mutandum
502 2720 691 2783 existimem.
715 2720 835 2780 Lanu.

142 2823 222 2883 Eae.
244 2827 265 2887 l.
289 2829 340 2890 10.
368 2819 609 2905 Ἀνενρδνοντοι
621 2817 707 2905 ὁδοὶ)
730 2821 782 2882 Sic
796 2821 831 2880 in
845 2820 987 2884 Amorib.
999 2821 1083 2882 hans
1099 2842 1166 2896 νοις

55 2931 124 2971 cem
140 2909 368 2990 interpretatus
382 2929 449 2968 sum
466 2907 505 2967 ad
521 2908 637 2970 Petron.
652 2920 684 2969 et
699 2905 777 2967 alibi
790 2905 853 2966 boc
868 2926 972 2989 opere.
995 2907 1131 2969 Bonnu.

23 3042 28 3049 ·
140 3008 218 3071 Eae.
241 3014 263 3071 1.
288 3016 337 3076 12.
363 3013 483 3085 Φϋλον)
505 3010 620 3069 Horat.
637 3000 740 3073 Carus.
757 3007 785 3069 Ι.
801 3000 866 3070 Od.
883 3004 946 3084 111,
963 3013 1017 3074 29.

220 3092 293 3156 Post
306 3097 401 3175 ignem
416 3092 544 3163 aetheria
561 3093 650 3154 tiemo

265 3177 463 3254 Subduotum,
487 3178 606 3240 Macies
619 3193 646 3238 et
657 3198 734 3239 nova
747 3174 885 3238 Febrium

223 3264 323 3325 Terris
339 3261 471 3324 incubuit
489 3261 624 3351 Cohors.
647 3262 774 3324 Souln.

139 3360 217 3428 Eae.
240 3370 260 3431 l.
286 3369 335 3436 15.
363 3363 455 3442 Ἶλο)
477 3356 567 3428 Limo
588 3390 698 3448 semper
716 3360 869 3470 impletus:
891 3362 977 3426 forte
997 3358 1100 3441 ὅλοις,
1123 3378 1164 3427 ut

55 3450 142 3511 infra
163 3450 198 3511 in
213 3447 418 3513 Prometheo.
440 3451 549 3514 Baon.
593 3453 690 3535 Augl.
715 3452 813 3525 ἰλνος·
836 3446 922 3530 quod
943 3449 1019 3510 ferri
1041 3460 1161 3531 potest,

53 3550 92 3595 ut
108 3551 140 3597 et
153 3535 314 3618 adscripta
329 3534 436 3599 lectio.
453 3534 533 3618 quid
550 3536 660 3617 ἔρημος
674 3529 691 3599 δ
705 3542 812 3618 χοῖρος,
827 3529 902 3593 dico
919 3531 1008 3595 alibi.
1023 3530 1162 3595 Bonan.

56 3619 112 3677 Ex
128 3620 157 3682 J.
172 3618 221 3682 ed.
238 3622 272 3684 P.
288 3633 321 3683 et
338 3621 432 3702 Angl.
448 3618 551 3682 codd.
567 3620 645 3683 baec
662 3620 831 3702 scripture.
852 3618 948 3698 δίψης
963 3617 1004 3677 in⁴
1014 3616 1161 3699 reliquis,

56 3701 146 3785 quoti
158 3725 304 3808 pravum.
351 3703 414 3764 Cui
432 3719 544 3765 neutra
560 3706 659 3766 lectio
676 3701 837 3785 placebit,
859 3705 966 3785 legat,
988 3722 1046 3782 per
1057 3723 1107 3763 me
1121 3701 1162 3760 li·

55 3801 125 3861 cet,
152 3796 240 3871 ολης,
262 3805 299 3851 ut
323 3787 357 3849 iu
382 3789 486 3851 Prom.
507 3810 536 3852 c.
560 3796 610 3857 12.
636 3785 743 3873 ἄγριόν
765 3812 794 3852 τι
811 3784 910 3870 χρῆμα
933 3787 984 3852 sut
1005 3780 1162 3871 ἄμορφον,
1258 3834 1269 3849 ι
1311 3782 1314 3787 ’

52 3869 143 3947 illan
157 3871 259 3940 ἅπασα
270 3877 322 3939 stoi
343 3869 464 3949 τούτοις
480 3870 646 3963 ἀνημέροις
658 3871 774 3949 λάσιος.
804 3872 930 3955 botas.

139 3990 218 4054 ibici.
247 3989 361 4058 Ἀνθεῖ
370 4001 536 4070 sesterces
551 3996 604 4058 aui
620 3986 739 4077 ἀγρίοις
754 3995 948 4075 ἐπιθυμίαις)
969 3988 1061 4065 Fuit,
1086 4006 1161 4048 eum

51 4096 93 4136 ex
102 4074 167 4136 boe
179 4082 254 4138 loeo
263 4077 392 4159 publice
407 4092 549 4141 notarem
563 4080 660 4161 simul
670 4093 702 4138 et
715 4078 882 4161 probarem
895 4076 929 4144 πό
942 4069 1158 4165 rivosivGrae'-

48 4162 97 4235 ciis
129 4160 228 4221 etiam
257 4163 448 4246 simpliciter
475 4184 536 4249 pro
557 4161 711 4269 abundum
730 4161 808 4230 clici.
832 4162 958 4280 χΝοοο
977 4166 1071 4246 juvat
1094 4157 1159 4215 alsa
1196 4265 1199 4272 Ι
