2640 4680
148 319 294 395 sx'xvrrr
404 331 766 383 sucrsuusrtuss
797 308 1045 387 sor'uvunn
1112 338 1118 346 ’

150 489 346 563 universos,
369 479 430 543 sed
451 479 610 560 exiguum
633 501 750 546 eorum
766 504 961 563 numerum,
984 507 1045 550 nec
1070 506 1166 550 suum
1189 487 1252 552 bau

149 601 187 663 in
206 610 242 652 te
264 584 427 667 judicium
440 594 618 666 sequutus,
642 582 701 648 sed
719 586 912 670 oprbrionem
931 585 999 648 Cel
1002 592 1051 664 si,
1076 610 1169 681 quae
1178 601 1252 655 tum

152 691 337 757 communis
353 697 425 747 erat
443 676 593 746 omnium
608 683 837 766 gentilium,]
818 690 1057 775 ucianoque
1070 693 1252 755 tantosaci·

149 793 217 855 lius
232 799 363 876 poterat
377 783 615 872 persuaderi(
610 800 741 872 quanto
752 789 856 869 magis
881 810 955 852 eam
968 811 1020 854 res
1040 794 1129 878 ipsa,
1152 814 1252 880 quam

153 891 304 970 ridebat,
327 889 500 970 Peregrini
518 906 609 950 mors
620 892 867 976 ,comprobare
889 891 1075 965 videbatur.

236 1092 302 1158 III.
325 1091 400 1172 Qua
418 1098 456 1154 re*
468 1088 497 1154 si
512 1089 591 1175 quid
605 1093 641 1156 in
659 1083 864 1155 Christianos
882 1095 1056 1174 commisit,
1073 1117 1253 1183 eorumque

153 1201 262 1262 famae
279 1208 379 1279 atque
397 1194 640 1257 existimationi
653 1193 814 1270 detraxit,
837 1194 967 1258 abunde
983 1193 1018 1259 id
1034 1199 1109 1261 aliis
1124 1202 1255 1284 scriptis

113 1350 115 1359 .
155 1298 403 1384 compensavit,
433 1295 557 1390 quippe
577 1298 636 1379 qui
657 1314 760 1373 mox,
784 1293 917 1360 Tatiani
933 1297 1086 1363 oratione
1114 1305 1256 1365 rectiora
1285 1328 1288 1333 ·

155 1401 311 1477 edoctus,
332 1399 487 1474 illorum,
519 1417 601 1484 quos
626 1407 741 1482 aperte
763 1399 932 1477 laesisset,
966 1422 1113 1467 caussam
1135 1406 1255 1468 tacitus

155 1503 351 1583 suffragator
365 1501 565 1584 susciperet,
587 1499 780 1583 aequalibus
794 1490 881 1564 tecte
897 1504 1158 1586 commendaret,
1178 1524 1255 1570 sua·

155 1625 220 1689 que
234 1606 337 1665 etiam
351 1601 438 1664 dicta
456 1591 530 1663 c'um
546 1602 699 1688 populari
714 1621 775 1663 suu
793 1615 827 1665 et
842 1608 973 1691 aequali
989 1605 1107 1670 miram
1120 1608 1158 1672 iu
1172 1631 1257 1672 cunm

155 1703 301 1770 cordiam
319 1702 496 1785 redigeret.

105 1940 111 1947 ·
239 1906 302 1971 IV.
325 1905 365 1970 Id
382 1927 426 1969 ne
439 1917 568 1969 temere
582 1904 708 1970 dictum
723 1907 939 1988 arbitremur,
960 1909 1071 1995 ipsum
1085 1904 1259 1974 Lucisne·

155 2010 328 2090 ingenium
347 2007 574 2071 Kescnerus
595 2007 768 2072 attendere
785 2030 846 2073 nos
862 2000 965 2088 jubet,
989 2010 1058 2090 Qui
1071 2037 1173 2100 quum
1192 2036 1259 2078 ne·

44 2184 48 2190 ¹
68 2106 77 2119 ’
155 2112 241 2174 mini
260 2123 416 2197 uniquam
429 2113 636 2197 pepercerit,
659 2132 763 2196 quum
776 2114 1075 2177 nullam-omiserit
1093 2128 1259 2200 opportu-

157 2215 297 2307 nitatem
313 2213 508 2292 cavillandi,
531 2235 600 2277 uon
619 2211 776 2276 credibile
799 2231 891 2292 esse,
913 2213 950 2275 in
973 2223 1063 2277 tanta
1087 2218 1258 2290 librorum,

157 2336 240 2400 quos
263 2314 431 2392 emiserit,
463 2317 556 2401 copiti
576 2316 653 2377 unis
672 2333 750 2376 eum
769 2314 957 2400 pepercisse
980 2312 1192 2396 Christianis,
1222 2321 1261 2382 in

158 2428 336 2502 conspectu
354 2416 504 2476 omnium
522 2415 639 2499 positis
656 2420 690 2476 et
707 2412 907 2479 Graecorum
928 2415 1004 2480 odio
1022 2419 1259 2498 laborantibus,

149 2519 225 2583 ‚uisi
248 2534 381 2579 caussae
399 2517 534 2578 illorum
557 2517 708 2580 iuvisset.
938 2588 951 2617 1

173 2703 185 2725 ”
241 2717 287 2781 V.
310 2713 538 2804 Esntdemquo
554 2737 626 2781 rem
641 2729 784 2782 testatur
795 2717 879 2781 liber
892 2717 1077 2801 Luciumue,
1094 2724 1151 2810 qui
1164 2745 1261 2791 suam

102 2837 104 2840 ’
157 2821 305 2887 vicissim
321 2822 431 2884 lucem
453 2819 532 2881 inde
553 2821 687 2905 recipit,
711 2838 776 2905 quo
792 2822 874 2885 falsa
891 2819 1154 2902 Christianorum
1170 2842 1262 2892 secta

159 2922 349 3004 ageuuinis
362 2920 559 2985 Christianis
582 2923 629 2985 ito
648 2920 864 3003 discernitur,
886 2936 924 2988 ut
941 2907 1061 2990 horum
1084 2939 1262 3012 patronum

151 3046 234 3088 -sese
251 3047 289 3089 ac
302 3025 470 3091 vindicem
487 3025 637 3113 profiteri
652 3024 689 3086 ,L
700 3027 796 3085 ueiu
806 3050 824 3083 n
834 3050 876 3087 ue
898 3047 966 3088 non
981 3026 1195 3094 dubitaverit.

244 3231 300 3295 Sic
316 3234 469 3318 exposita
483 3251 604 3310 rerum,
616 3241 695 3316 quas
710 3201 1105 3324 Kestneris'tractarit,
1119 3250 1259 3314 summa,

160 3336 329 3422 sequitur,
351 3346 388 3397 ut
405 3332 447 3396 de
465 3334 604 3414 siugulis
620 3328 817 3399 rideamus?

98 3614 117 3639 ⁴
243 3532 461 3626 deprimunt
469 3537 620 3625 quidem
642 3537 853 3606 concedimus
878 3536 951 3604 viro
969 3536 1178 3619 doctissimo,
1197 3560 1262 3622 po-

160 3645 251 3706 tuisse
262 3645 356 3706 illam
371 3641 539 3706 sentiendi
555 3642 784 3728 scribendique
799 3643 1005 3756 libertatem,
1028 3661 1093 3729 qua
1105 3644 1263 3702 Lucia-

159 3774 233 3810 nus
259 3745 420 3824 eminuit,
442 3767 483 3807 eo
498 3748 632 3826 tulere,
655 3758 693 3809 ut
717 3744 855 3833 depulsa
879 3722 1152 3833 superstitionum
1175 3744 1261 3803 cali-

161 3853 257 3931 gine,
279 3861 373 3912 tantu
395 3847 524 3911 facilius
552 3861 737 3930 emergeret
754 3845 959 3913 Christianae
977 3845 1146 3909 doctrinae
1163 3845 1262 3907 veri·-

160 3946 228 4031 tus,
249 3950 308 4014 sed
323 3948 509 4015 cavendum
523 3961 636 4014 tamen
649 3937 815 4036 putamus,
833 3971 875 4014 ne
887 3951 965 4012 lruic
980 3948 1031 4011 rei
1045 3946 1137 4031 plus,
1160 3966 1260 4030 quam

160 4055 246 4118 ratio
263 4057 329 4118 fert
342 4063 375 4116 et
390 4051 616 4138 experientis,
635 4054 830 4119 tribuamus.
873 4050 947 4117 Nisi
961 4052 1047 4114 forte
1066 4047 1169 4111 etiam
1183 4045 1212 4106 E
1218 4071 1260 4106 u-
