2640 4680
307 297 828 396 '·rnrsrri1n
935 349 936 352 ¹
1033 299 1179 397 ⁴crrxmr
1280 388 1282 396 ,

11 472 15 483 ’
59 492 200 584 praelo,
221 488 376 557 nondum
394 489 605 555 inveniretur
620 479 812 570 quisquam,
830 482 883 550 cui
899 487 1057 570 peralies
1072 512 1178 583 occu·
1231 466 1249 516 '¹
1312 548 1313 555 ,

59 599 223 685 patinuos
235 597 371 674 liceret,
396 604 453 658 aut
468 590 526 676 qui
543 591 648 654 telam
666 591 706 652 ab
730 599 824 658 tanto
836 587 989 670 artifice,
1014 593 1176 677 (quantus

10 752 12 758 ,
61 724 102 767 ra
119 721 204 764 vera
225 710 279 762 est
288 691 549 778 Hemrrerhurius)
573 712 727 778 exortam
751 687 991 772 detexendam,
1013 693 1115 782 idque
1131 719 1176 769 ne
1254 706 1255 711 ’

63 820 226 868 concesso
249 797 383 886 quidem
400 795 442 858 ad
461 791 727 882 praeparandum
750 795 873 878 spatio,
897 796 1050 882 recipere⁸
1066 797 1178 864 aude*

64 917 134 984 ret,
157 907 283 967 famam
296 898 480 977 reveritus,
503 918 547 959 ne
564 895 698 960 Atlanti
712 895 764 958 illi
778 894 882 978 priori
897 898 1024 982 impar,
1044 913 1178 972 tantum

65 1003 403 1072 cumminas-firmis
418 1000 569 1064 humeris
585 998 759 1061 sustulisse
781 995 962 1078 diceretur3
984 998 1068 1071 adeo
1085 1008 1179 1075 enim
1229 1034 1234 1059 a

65 1107 225 1174 adcurate
242 1087 341 1188 atque
357 1100 488 1165 erudite
504 1100 743 1184 Hemsrerhuriur
759 1101 975 1184 pertractarit
987 1107 1116 1188 omnia,
1138 1124 1178 1174 ut

66 1211 158 1274 nihil
175 1204 439 1292 desideraretur,
461 1205 490 1265 si
512 1205 545 1267 ei
568 1224 651 1289 opus
672 1201 715 1264 ad
737 1203 840 1264 finem
858 1200 1039 1286 perducere
1055 1210 1178 1300 licuiar.

67 1326 138 1390 set,
162 1321 220 1374 aut
233 1308 404 1385 libuisset,
428 1326 529 1389 quem
544 1327 606 1386 ego
622 1301 767 1369 Zeuxidi
784 1303 905 1388 pictori
922 1305 1095 1392 comparo,¹
1117 1317 1177 1400 qui
1237 1371 1246 1387 ,
1271 1295 1277 1317 Χ

67 1427 156 1478 teste
178 1410 408 1475 Plutarcho
436 1410 473 1470 in
496 1415 649 1488 Πολυφιλ.
670 1404 710 1470 Τ.
735 1403 782 1468 ΙΙ.
808 1427 842 1489 p.
867 1427 912 1470 m.
936 1411 1175 1497 §bt-culpatus,

68 1513 160 1604 quod
183 1510 278 1576 tarde
299 1513 469 1597 pingeret,
499 1508 689 1595 respondit,
716 1508 793 1596 quia
816 1508 854 1570 in
876 1511 1020 1574 multum
1042 1496 1180 1602 tempus

69 1640 109 1683 ea
121 1617 229 1689 vellet
241 1611 378 1676 durare:
395 1610 532 1676 tandem
545 1613 613 1675 itur
628 1609 669 1672 ad
684 1631 751 1690 me,
775 1612 898 1695 cuivrel
910 1613 1068 1697 justiores
1082 1632 1180 1684 erent

68 1715 277 1783 detrectandi
292 1734 444 1793 caussae,
467 1736 566 1800 quam
580 1714 674 1794 aliis3'
695 1715 724 1774 si
740 1717 832 1778 enim
855 1716 1089 1799 occupationes
1105 1741 1179 1807 spa.
1227 1706 1230 1711 ⁸
1249 1772 1251 1777 ,

68 1836 155 1898 ctes,
179 1839 277 1885 nemo
292 1816 334 1878 iis
347 1836 402 1878 me
416 1817 522 1897 magis
537 1825 589 1880 est
612 1817 765 1894 obrutus3
788 1816 942 1891 sitires,
965 1818 1002 1882 id
1027 1833 1095 1903 est,
1116 1827 1177 1887 in..

69 1923 162 2006 genii
174 1921 362 1996 facultates,
388 1917 624 2004 doctrinaeque
642 1916 852 2002 adparatum,
876 1916 917 1979 ad
934 1920 1082 2003 priorem
1096 1924 1177 1990 edi-

68 2039 179 2090 torem
201 2022 383 2106 composita
407 2018 612 2097 consideret,
634 2040 733 2081 nemo
751 2020 902 2096 illorum,
927 2041 1008 2101 quos
1033 2024 1077 2086 ad
1091 2031 1177 2092 sub-

70 2125 197 2211 condas
210 2127 270 2188 hae
288 2128 380 2188 vices
395 2124 578 2186 solicitatos
592 2118 680 2199 scio,
701 2139 757 2181 me
779 2129 851 2181 erat
871 2121 1051 2205 infirmior3
1074 2149 1176 2212 quare

70 2245 105 2297 et
128 2250 191 2310 ego
212 2228 453 2308 tergiversabar
477 2224 595 2302 initio,
624 2233 797 2306 utramque
826 2222 925 2284 istam
951 2230 1176 2294 exornationis

71 2350 221 2400 caussam
235 2332 322 2394 serio
337 2317 552 2416 praetexens,
576 2347 637 2388 nec
652 2334 825 2408 praeterea
845 2323 976 2387 lubenti
1000 2331 1113 2394 animo
1134 2332 1178 2397 ad
1210 2405 1216 2425 Ι

71 2457 160 2526 opus
175 2432 346 2498 edendum,
356 2451 559 2510 accessurus,
569 2428 610 2492 ad
625 2427 716 2514 quod
732 2427 820 2489 nihil
830 2429 902 2489 sere
915 2437 1104 2515 praeparati
1116 2436 1176 2499 ha-

68 2544 201 2618 berem,
224 2533 377 2620 quodque
392 2555 469 2597 meo
492 2534 631 2596 consilio
644 2532 681 2594 in
693 2533 802 2592 lucem
827 2531 980 2595 emittere
995 2558 1189 2633 numquamm

71 2641 301 2707 destinassem.
347 2636 414 2701 Sed
435 2656 511 2700 mea
532 2657 587 2697 me
602 2635 684 2696 vicit
699 2633 774 2695 aliis
789 2637 994 2720 obsequendi
1010 2637 1177 2703 nimiafa.
1245 2686 1248 2700 .

29 2776 31 2783 ·
72 2744 192 2819 cilitas‚
216 2751 251 2800 et
264 2740 387 2818 gloriae
405 2737 584 2801 contemtio
600 2735 711 2817 minus
726 2735 767 2799 de
783 2758 934 2813 successu
955 2741 1093 2818 solicita,
1116 2762 1183 2820 sa-3
1219 2800 1223 2804 .
1302 2729 1307 2741 ’

70 2845 264 2929 tisquejam
279 2862 298 2918 a
315 2840 505 2923 bibliopolis
518 2849 743 2921 comparatum
760 2838 875 2902 adesse
890 2840 1114 2906 subsidiorum
1125 2844 1177 2907 ri·
1228 2924 1231 2936 '

36 2948 43 2961 “
74 2947 212 3023 debam,
229 2964 273 3005 ex
289 2945 407 3026 quibus
421 2944 458 3004 in
476 2941 627 3004 ordinem
638 2939 779 3002 redactis
794 2940 885 3004 haud
899 2943 986 3006 levis
998 2943 1095 3005 fieret
1107 2963 1177 3006 no-
1230 2960 1240 2974 ³

70 3069 191 3113 varum
208 3043 527 3107 commentationum
550 3054 583 3107 et
605 3039 882 3107 emendationum·
902 3047 1066 3124 accessio,
1089 3042 1175 3130 quae
1216 3067 1218 3075 ’

70 3156 158 3216 hanc
176 3147 359 3212 editionem
375 3148 540 3229 prioribus
557 3146 710 3208 omnibus
728 3144 883 3209 redderet
897 3146 1090 3226 meliorem,
1112 3149 1178 3211 etsi
1210 3156 1212 3161 ’
1261 3183 1264 3193 ⁴

72 3253 293 3332 egeverbum
313 3247 354 3310 de
374 3269 450 3310 meo
483 3246 683 3311 addidissem
708 3247 847 3309 nullum.
898 3244 1046 3333 Cumque
1068 3270 1176 3314 noves

55 3353 238 3417 >versionis
260 3349 470 3413 adornandae
502 3365 614 3413 curam
640 3350 677 3411 in
700 3369 736 3412 se
764 3352 946 3434 recepisset
970 3353 1047 3414 clar.
1074 3351 1175 3418 Josr.

70 3456 214 3520 blarru.
230 3450 425 3531 Grsrraus,
450 3456 542 3532 cnjus
559 3451 733 3532 diligentia
749 3465 783 3516 et
799 3473 929 3516 summa
941 3454 978 3516 in
994 3456 1088 3519 omni
1100 3454 1176 3521 lite·

73 3579 183 3621 rarum
199 3576 321 3637 genere
339 3554 482 3617 eruditio
500 3554 611 3617 notior
624 3566 694 3631 est,
711 3577 809 3639 quam
824 3568 862 3618 ut
874 3548 1113 3640 mepraecone
1124 3556 1176 3619 in.

71 3658 199 3739 digeat,
221 3660 317 3741 isque
329 3676 405 3718 suas
422 3658 523 3718 etiam
544 3653 778 3741 adnotationes
798 3656 970 3732 additurus
990 3666 1096 3738 esset,
1119 3658 1178 3722 di·-
1204 3652 1211 3665 '

71 3758 175 3822 midia
203 3779 258 3821 me
287 3760 409 3822 laboris
429 3768 524 3842 parte
556 3757 768 3820 sublevatum
797 3760 1000 3839 sentiebam3
1039 3774 1074 3824 et
1102 3778 1177 3845 curn

70 3873 238 3943 spectatae
254 3859 448 3940 diligentiae
463 3860 698 3943 doctrinaeque
712 3862 776 3938 vir,
790 3857 906 3958 dieses
923 3885 967 3924 nu
982 3862 1073 3927 Soun
1087 3865 1178 3944 (sive

71 3959 241 4039 Soranus,
264 3973 302 4022 ut
317 3965 390 4047 ipse
405 3981 441 4024 se
455 3961 598 4025 scribere
611 3959 719 4040 amat)
736 3961 815 4022 satis
829 3961 886 4025 diu
902 3963 939 4026 in
956 3964 1174 4033 emaculando

70 4063 209 4126 Lucrbno
230 4077 408 4151 occupatus
432 4077 529 4147 notes
552 4083 628 4127 suas
651 4061 694 4124 ad
715 4082 791 4126 eum
813 4065 913 4149 plene
930 4064 1111 4158 descriptas
1137 4086 1175 4129 ao
