2640 4680
166 329 243 405 MO
430 328 1124 412 snuorsrrouns'*⁸

331 490 473 555 flumina
489 523 532 537 -
551 486 633 569 Quid
645 484 748 551 rides?
766 496 880 549 niutoto
895 490 1020 565 nomine,
1043 485 1082 547 de
1095 501 1126 546 ta
1182 520 1185 532 =

331 573 451 639 Fabula
467 590 614 635 narratur.
660 571 810 656 congestis
823 571 951 657 undique
962 575 1062 635 saccis

330 660 482 725 Indormis
495 660 623 733 initians,
645 673 672 718 et
686 675 826 740 tanquam
838 681 958 738 parcere
973 658 1067 721 sacris

335 745 463 827 Cogeris,
486 759 539 804 aut
550 747 640 826 piatis
655 758 797 825 tanquam
807 741 937 824 gaudere
950 740 1080 803 tabellis.
1100 738 1244 809 sous.
1317 776 1319 793 ι

253 848 332 916 Ead-
352 852 375 910 l.
400 854 450 914 10.
470 838 528 921 Ἐς
540 842 663 911 :dordr
680 847 842 908 Δαναϊδῶν
855 846 952 908 πίθον
971 839 1064 927 ido.)
1084 842 1183 907 Plato
1198 845 1285 907 so'ri-
1317 842 1319 847 ’

169 944 230 1018 hit,
246 931 413 1000 Danaidae
430 929 514 1012 apud
530 931 653 992 inferos
669 927 726 989 has
742 949 862 1010 poenas
875 926 965 1009 dure,
987 942 1025 988 ut
1036 928 1285 1019 urnis‘perstil·

168 1024 313 1092 lantibus
326 1037 423 1102 aquas
438 1014 572 1077 adsidue
586 1014 754 1088 hauriant,
778 1027 874 1094 atque
887 1012 922 1072 in
934 1012 1097 1095 perforata
1114 1011 1214 1075 dolia
1233 1017 1284 1077 in·

170 1115 296 1184 ierant,
327 1102 419 1188 gravi
441 1099 592 1160 nimirum
618 1114 650 1159 et
669 1097 783 1157 inutili
800 1095 919 1158 labore.
946 1095 1034 1160 outa.
1055 1097 1283 1165 Nshletam.

335 1202 502 1287 Molirique
516 1200 578 1262 suis
589 1201 677 1262 letum
689 1199 872 1281 patruelibus
887 1223 977 1261 ausae
1042 1202 1047 1209 “

335 1287 475 1350 Adsidue
487 1300 616 1370 repetunt
622 1329 633 1363 ,
656 1307 731 1371 quas
741 1282 868 1370 perdunt
872 1329 884 1361 ,
905 1282 1026 1347 Belides
1037 1280 1152 1349 undas.

170 1370 261 1441 Idem
276 1375 312 1435 in
330 1373 424 1434 Ibin:
485 1391 490 1400 '

339 1474 477 1559 Quaeque
484 1490 588 1556 gerunt
602 1471 728 1535 bumeris
740 1475 885 1557 perituras
897 1469 1017 1532 Belides
1030 1472 1147 1541 undas.

171 1562 281 1645 Hujus
301 1559 432 1619 fabulae
451 1557 647 1620 mentionem
674 1558 755 1618 facit
779 1577 887 1617 rursus
908 1556 1038 1619 Lucion.
1062 1556 1099 1618 in
1116 1556 1282 1625 ¹‚Hermon

173 1649 252 1710 item
269 1645 308 1708 de
323 1641 462 1725 Dipsad.
478 1655 510 1704 et
526 1642 560 1700 in
574 1643 664 1703 Dial.
681 1642 767 1703 Crat.
785 1663 821 1702 ae
840 1640 941 1723 Diog.
962 1639 1138 1727 Aloipbron
1160 1645 1201 1709 in
1221 1646 1281 1728 Ep.

174 1730 293 1795 Galeni
312 1727 352 1787 ad
367 1728 542 1807 Gyrtonem
559 1725 695 1786 adhunc
713 1725 854 1786 adlusit:
879 1728 931 1790 uui
942 1720 976 1789 td
987 1720 1155 1810 λεγόμενον
1166 1728 1282 1813 delesti·

172 1844 207 1883 ro
231 1819 275 1893 εἰς
298 1816 461 1878 Δαναϊδῶν
479 1809 551 1886 τούς
576 1808 734 1892 ἀμφορέας
761 1812 898 1893 inploret
924 1813 1048 1886 πίθους.
1069 1810 1228 1884 ,Plautus
1247 1814 1281 1874 in

172 1899 288 1965 Pseud.
311 1897 347 1960 Iu
366 1913 515 1986 pertusum
538 1900 696 1979 ingerimus
720 1893 803 1958 diota
824 1894 957 1958 dolium:
986 1919 1106 1978 operam
1136 1898 1280 1963 ludimus.

175 1984 327 2050 Catullus:
1123 1988 1126 1993 ’

339 2085 433 2150 Dolia
442 2086 580 2169 virgineis
592 2083 670 2145 idem
684 2082 737 2147 ille
751 2082 899 2167 repleverit
912 2087 1003 2149 urnis.
1027 2124 1032 2131 -
1131 2132 1135 2137 .
1187 2080 1190 2085 ’

37 2224 42 2233 ,
167 2167 286 2238 scona.
310 2172 511 2242 Assentuum
527 2170 622 2231 etiam
638 2168 678 2231 ad
692 2191 752 2231 nos
771 2191 847 2230 cura
871 2173 1027 2255 pertinet,
1049 2168 1184 2255 siquid
1206 2168 1280 2232 inde

173 2256 333 2334 redundet
354 2257 395 2318 ad
415 2257 585 2319 Luotanum
606 2253 807 2318 detrimenti.
838 2256 1001 2321 Δαναϊδῶν
1022 2252 1095 2318 add.
1113 2267 1280 2343 quotquot

175 2345 318 2424 inspexi,
341 2361 469 2403 omnes:
492 2338 587 2400 scribi
603 2352 708 2399 tamen
723 2336 861 2401 debebat
874 2338 949 2401 sine
966 2337 1191 2413 controversia
1218 2346 1280 2405 Au·

73 2428 76 2433 ¹
173 2432 301 2503 ναΐδοον,
322 2440 360 2486 ut
373 2437 458 2505 reste
473 2422 601 2483 monuit
619 2421 776 2504 Berglents
800 2422 839 2484 ad
861 2419 1002 2507 Alcipbr.
1026 2420 1136 2507 p.,10'.
1183 2420 1281 2509 Quod

79 2558 87 2567 ,
174 2514 286 2597 paullo
301 2522 376 2568 ante
391 2506 583 2588 praecessit,
614 2503 709 2589 ὥςπερ
725 2507 758 2569 ἐκ
772 2509 903 2587 κοφίνου
917 2509 1164 2591 τετρυπημένον,
1187 2530 1281 2595 quem

176 2593 318 2655 usumin
334 2591 394 2652 hac
410 2589 559 2651 oratione
575 2603 723 2671 praestet,
748 2603 804 2649 aut
821 2591 984 2674 quomodo
999 2606 1072 2654 oum
1091 2592 1214 2656 :eteris
1227 2612 1282 2677 ap-

171 2672 210 2740 ‘te
234 2674 420 2753 cohaereat,
458 2674 516 2733 vix
542 2695 578 2733 ao
602 2694 642 2734 ne
669 2673 726 2733 vix
745 2673 874 2756 quidem
894 2674 1062 2763 intelligo:
1084 2674 1114 2739 si
1130 2676 1173 2739 ab
1194 2678 1275 2763 ipso

138 2782 141 2787 ’
179 2764 339 2833 Lucieno,
365 2756 451 2844 quod
467 2757 588 2817 infitias
604 2757 652 2818 ire
666 2779 732 2818 non
748 2759 861 2840 ausim,
884 2761 984 2823 inerit
998 2762 1198 2845 profectum,
1222 2762 1281 2849 ego

178 2845 309 2933 quidem
326 2859 445 2906 veteres
463 2842 548 2919 illos,
559 2839 820 2904 adcuratissimos
834 2845 901 2907 stili
919 2861 1094 2923 exactores,
1114 2847 1170 2909 tia
1181 2850 1282 2930 serip-

176 2935 256 2995 aisse
265 2930 425 3006 existimo,
437 2941 474 2987 ut
490 2925 643 3012 quaedam
654 2943 758 2988 tamen
772 2927 983 3009 emendatius,
993 2931 1021 2993 si
1038 2928 1096 2991 dili
1121 2930 1283 2997 entiorem

177 3015 403 3079 adhibuissent
416 3013 542 3089 limam,
559 3013 728 3094 potuerint
742 3014 860 3079 scribi:
881 3016 997 3079 lubens
1010 3013 1047 3077 in
1117 3016 1214 3099 tatii,
1235 3020 1284 3101 ju·

178 3101 260 3164 diois
273 3099 431 3175 acerrimi,
455 3098 648 3158 sententiam
664 3096 819 3179 concedo,
1197 3142 1203 3151 -
1251 3140 1254 3145 ·

340 3234 384 3259 -.-
401 3200 461 3261 Ubi
473 3198 564 3283 plura
579 3204 679 3278 nitent,
702 3224 762 3262 non
774 3225 828 3287 ego
838 3206 944 3288 paucis
1133 3268 1139 3277 ,
1208 3232 1216 3239 ’

341 3284 493 3432 yinlor
504 3282 640 3360 maculis,
663 3305 742 3367 quas,
752 3302 805 3346 aut
819 3290 934 3350 inoun‘a
943 3284 1037 3372 fudit,

378 3386 409 3429 ut
427 3369 557 3429 humone
565 3391 675 3451 porum
689 3376 768 3431 cavit
782 3387 898 3434 natura.
921 3368 1113 3469 Hausrfll.

178 3455 323 3520 omnino
340 3451 468 3536 quidem
484 3453 557 3519 hoa
564 3452 774 3533 verissimum,
798 3470 830 3517 et
847 3457 882 3516 in
896 3457 1065 3521 Lueionunt
1076 3474 1213 3541 quoqne
1226 3479 1285 3523 no·

84 3614 89 3622 .
175 3555 279 3603 strum
293 3538 373 3598 bene
388 3537 594 3599 conveniens.
603 3535 663 3598 sed
671 3535 703 3598 h.
712 3541 735 3601 l.
743 3541 885 3601 censoris
895 3556 984 3620 nota,
995 3542 1104 3603 neseio
1112 3562 1155 3601 an
1168 3546 1283 3624 paullo

175 3623 283 3685 acrior
299 3623 344 3682 sit
354 3635 387 3683 et
399 3621 571 3703 ejusmodi,
594 3640 676 3706 quae
688 3621 722 3682 in
736 3624 843 3707 ipsum
857 3624 1090 3710 repetentiatur
1102 3640 1283 3690 auctorem.

176 3704 363 3773 Videamus.
382 3706 618 3790 Sapientiores:
632 3709 696 3789 jam
715 3707 787 3771 fore
800 3708 970 3774 Timonem
990 3709 1116 3771 dixerat
1138 3710 1283 3793 Jupiter,

178 3812 285 3874 neque
308 3792 404 3850 istius
426 3790 585 3853 stultitiae
601 3790 774 3885 quidquam
790 3796 926 3877 amplius
942 3794 1125 3857 verendum.
1153 3792 1286 3879 Quibus

177 3879 311 3941 Plutus:
334 3875 378 3935 At
392 3895 470 3937 vero
490 3894 656 3960 nunqnam
669 3877 697 3940 is
712 3879 810 3942 homo
830 3878 973 3959 desinet,
995 3892 1151 3962 tanquam
1171 3900 1191 3941 s
1205 3900 1286 3963 per-

179 3958 287 4025 forato
306 3958 461 4043 cophino,
482 3959 671 4045 priusquam
685 3984 815 4047 prorsus
827 3966 950 4048 (plens)
965 3984 1025 4048 ego
1039 3960 1216 4043 induxero,
1231 3963 1286 4026 da.

85 4088 95 4101 κ
179 4060 214 4108 ta
236 4066 333 4130 opera
354 4064 405 4106 me
427 4042 615 4145 exhaurire,
642 4048 739 4148 'qua-si
761 4068 995 4148 praooooupare
1009 4049 1091 4110 velit
1110 4045 1284 4126 influxum,

179 4145 336 4219 metuens,
349 4144 691 4214 ne,t1uum‹ooptosms
705 4130 887 4212 rumam,
902 4132 1009 4219 ipsum
1017 4129 1184 4205 landem
1208 4132 1288 4199 Vst-
