2640 4680
179 350 323 404 mmm
376 346 467 396 so
527 345 713 395 rnen
773 328 1071 399 nerrssr

179 501 293 587 praelo
316 507 446 583 paratas
471 493 676 579 reliquisset,
704 495 763 557 rel
779 495 844 557 hoc
864 494 1000 558 nomine
1027 495 1162 577 egregie
1191 519 1290 562 com-

140 620 144 625 ’
178 598 408 665 mendabilem
427 599 575 660 futuram
594 596 769 659 cernebam
786 595 993 678 editionem,
1021 600 1051 660 si
1071 600 1151 661 solis
1168 599 1292 665 horum

166 700 329 780 duorum,
347 696 466 762 Gesneri
480 721 517 763 ec
534 697 651 780 Sebini,
665 697 908 763 accessionibus
924 697 1063 782 ditatam
1082 699 1282 764 emitterem.

260 904 322 968 His
335 901 567 983 consideratis,
590 907 700 968 cetera
715 903 809 988 coepi
824 901 1051 988 pervestigare
1065 903 1281 984 adminicula,

180 1007 368 1096 quaemihi
385 1027 404 1067 e
426 1005 446 1068 J
454 1008 586 1069 acobo
607 1005 883 1084 Wetstenio,
906 1010 1045 1090 ejusque
1058 1009 1148 1071 socio
1164 1028 1200 1069 ac
1212 1010 1288 1068 fra-

175 1123 228 1173 tre
259 1129 321 1195 per
352 1106 559 1170 adfinitatem
581 1110 711 1187 juncto,
741 1104 961 1170 Gulielmo
990 1104 1134 1169 Smith
1167 1106 1284 1170 trade-

84 1207 87 1211 ’
128 1195 130 1200 ’
176 1213 315 1287 bantur,
329 1200 441 1272 medio
459 1212 745 1286 fer-eann01737.
764 1210 994 1294 comperique,
1015 1211 1095 1271 satis
1108 1229 1284 1294 superesse

31 1380 36 1389 ,
121 1374 126 1380 Δ
175 1313 350 1376 molestiae
367 1312 405 1372 in
420 1310 463 1372 iis
476 1311 514 1372 in
529 1309 680 1373 ordinem
694 1308 884 1391 redigendis
904 1330 941 1371 ac
956 1308 1197 1385 describendis,
1221 1329 1285 1369 nec

174 1400 374 1498 fie'riposse,
388 1422 425 1472 ut
439 1413 511 1472 sine
530 1413 598 1474 ulla
613 1410 725 1476 addita
738 1410 1027 1476 animadversione
1043 1410 1102 1475 aut‘
1116 1433 1283 1474 commen-

121 1527 124 1534 “
176 1516 306 1577 tatione
324 1515 366 1574 iis
382 1524 512 1578 uterer„
544 1513 618 1577 Non
636 1527 746 1599 tamen
760 1535 815 1576 me
830 1513 992 1578 deterruit
1005 1518 1103 1589 ¹labor
1116 1515 1193 1592 ille,
1217 1535 1282 1596 quo

173 1637 229 1681 me
249 1636 288 1677 eo
305 1616 444 1679 o'elerius
471 1612 607 1694 defungi
621 1637 719 1699 posse¹
743 1615 1078 1702 confidebam,=·qu0d
1099 1619 1137 1679 in
1160 1618 1283 1695 legen-

174 1714 226 1779 dis
240 1713 375 1776 Lucioni
398 1714 529 1798 scriptis
554 1736 621 1775 non
641 1717 740 1798 plane
764 1719 885 1800 hospes
909 1739 1017 1797 eram,
1040 1731 1079 1781 ut
1099 1740 1142 1781 ex
1158 1715 1280 1779 creb'ris

173 1815 324 1896 'ejusdem
339 1817 438 1892 locis,
452 1834 533 1900 quos
548 1815 585 1875 in
600 1818 688 1878 notis
703 1839 721 1878 a
735 1838 790 1879 me
808 1816 965 1880 adductos
978 1832 1018 1901 *et
1030 1812 1126 1880 inter'
1135 1839 1169 1881 se
1185 1840 1280 1879 corn-

171 1931 307 2006 paratos
320 1915 472 1994 videbis,
495 1917 632 2001 patebit.
678 1917 789 1982 Satius
804 1920 905 1998 igitur
929 1919 1010 1982 duxi
1028 1919 1209 1982 editionem
1226 1939 1276 1995 ea,

174 2040 274 2104 quam
286 2033 419 2104 tempus
434 2019 665 2103 permittebat,
688 2017 861 2102 diligentia
874 2029 1090 2107 promerere,
1113 2043 1211 2106 qnam
1228 2021 1278 2082 ni·

72 2196 75 2200 ⁴
172 2124 240 2187 ruia
256 2120 470 2188 solicitudine
492 2120 621 2202 singule
633 2121 883 2206 pervestigandi
902 2119 1210 2210 diutiuspremere.

254 2324 300 2394 Et
314 2324 466 2412 quamvis
481 2315 589 2387 lectoi'
604 2346 671 2396 non
684 2329 792 2388 soleat
807 2348 933 2407 rogare,
956 2339 1075 2412 quam
1097 2327 1197 2403 cito,
1214 2324 1275 2388 sed

158 2450 298 2514 xquam
319 2426 451 2490 bene?
475 2429 698 2489 necessarium
719 2441 833 2490 tamen
856 2430 911 2490 hic
933 2441 984 2489 est
1005 2424 1274 2505 commemorare,

168 2550 270 2615 quam
288 2549 406 2613 parum
428 2528 590 2611 temporis
619 2524 760 2589 adhaec
782 2527 1032 2613 deproperenda
1048 2530 1145 2592 'mihi
1171 2530 1276 2592 suerit

168 2650 379 2708 concessum3
401 2627 485 2692 adeo
501 2641 539 2689 ut
555 2624 724 2690 interdum
740 2648 782 2713 ne
802 2625 946 2714 spatium
961 2629 1097 2714 quidem
1108 2614 1273 2716 ›superese

166 2743 219 2795 set
242 2730 284 2795 ad
309 2728 508 2793 excutienda
533 2741 689 2814 excerpta
708 2750 784 2792 mes
800 2731 965 2811 literaria,
987 2753 1032 2794 ex
1051 2726 1170 2818 quibus
1183 2735 1272 2798 alio-

166 2855 243 2897 rum
257 2844 430 2915 auctorum
440 2834 635 2921 testimonia
649 2829 690 2893 ad
705 2832 946 2897 confirmandas
958 2837 1137 2900 nonnullas
1152 2858 1273 2900 emen-
1291 2825 1296 2834 ⁴

166 2932 320 2997 dationes
328 2936 492 2999 facientia
508 2932 690 3018 producere
706 2935 905 3018 potuissem3
928 2934 1004 3000 dato
1021 2937 1112 3003 enim
1125 2958 1186 3000 sex
1199 2950 1271 3000 tan-

164 3048 237 3100 tum
259 3035 542 3100 hebdomadarum
555 3033 598 3099 ad
618 3035 743 3119 'aliquot
757 3038 905 3121 plagulas
927 3041 1041 3123 praelo
1061 3059 1269 3123 praeparan-

159 3137 224 3221 dos
247 3140 372 3223 spatio,
396 3160 530 3226 operam
555 3137 677 3201 deinde
698 3139 887 3222 bibliopolis
910 3139 1024 3204 addixi
1048 3160 1088 3201 ea
1107 3140 1199 3218 lege,
1228 3151 1266 3202 ut

66 3247 67 3251 ’
122 3277 127 3295 κ
160 3240 253 3304 haud
265 3237 452 3326 interrupto
468 3237 635 3303 scribendi
650 3241 762 3302 labore
784 3252 914 3303 tantum
928 3239 1077 3326 quotidie
1090 3242 1186 3326 pensi
1202 3244 1267 3303 ab-

161 3343 341 3423 solverem,
349 3349 509 3429 quantum
523 3339 613 3404 haud
624 3340 767 3426 impiger
782 3335 958 3426 typotheta
975 3342 1164 3405 continuata
1179 3365 1267 3429 ope-

157 3465 198 3508 ra
210 3447 302 3528 typis
323 3443 509 3510 describere
526 3445 675 3521 valeret,
697 3441 733 3504 id
757 3442 845 3527 quod
864 3442 1023 3522 fideliter,
1048 3447 1264 3532 quantumin

133 3534 139 3542 ’
157 3549 312 3626 meluit,
334 3547 504 3634 praestiti,
527 3548 628 3629 atque
641 3546 689 3607 ita
709 3548 855 3630 quinque
875 3535 1038 3631 annorum
1058 3545 1165 3627 spatio
1179 3565 1265 3629 opus

23 3728 27 3752 Ι
58 3710 62 3720 ,
107 3688 122 3699 «
156 3647 325 3713 adfinem
347 3648 498 3734 perduxi.
544 3645 667 3711 Omnia
689 3650 780 3710 enim
803 3645 845 3709 ad
861 3646 992 3707 Luciaui
1014 3666 1130 3730 corpus
1152 3648 1265 3730 perti-

75 3749 81 3765 '
131 3833 133 3840 Ι
155 3751 273 3813 nentis
287 3751 376 3837 typis
397 3755 465 3831 jam
483 3749 754 3835 descriptefuere
773 3767 889 3814 mense
904 3745 1040 3815 Octobri
1060 3753 1174 3829 1742.;
1196 3749 1258 3813 sed

70 3863 73 3866 ’
119 3837 122 3846 ’
155 3848 290 3917 Indices
305 3854 509 3938 complures,
526 3852 644 3951 qpibus
658 3851 786 3936 priores
805 3849 878 3916 edd.
894 3852 1064 3927 carebant,
1084 3846 1262 3928 adjiciendi

116 3941 128 3948 '¹
157 3973 280 4017 novam
298 3956 444 4033 injecere
464 3952 658 4038 properanti
671 3972 818 4036 moram,
838 3963 938 4038 atque
960 3953 1119 4031 effecere,
1141 3959 1262 4018 utnon

153 4055 248 4140 prius
262 4055 424 4142 publicari
438 4052 621 4141 potuerint.
677 4063 696 4093 ³·
