2640 4680
101 357 191 412 xum
330 330 406 399 'ou
456 329 977 418 rearmatur
1034 338 1077 421 '⁸

101 484 231 573 vellent
241 498 417 566 instituere
429 492 443 578 ,¹
468 516 512 558 ne
529 492 709 559 Corinthiis
725 496 789 561 hec
799 498 838 560 in
854 464 1088 584 requidquem
1107 472 1208 569 cerie:¹

103 618 197 684 rent,
225 605 336 687 ipsum
350 619 408 662 eos
422 596 611 677 monuisse,
641 615 676 677 at
690 615 758 658 ante
772 623 864 683 quam
879 600 936 660 boc
948 614 1086 684 agerent,
1108 628 1197 698 mam,

102 718 199 794 quam
212 701 434 787 misericordiae
450 717 676 776 consecrassent,
693 701 879 764 destruerent.
904 700 946 784 (c.
964 703 1035 788 51.)
1054 703 1208 795 Cumque.

102 806 293 893 Imperator
310 822 354 866 ex
375 824 415 865 eo
432 803 548 888 quaeri
561 803 731 891 jussisset,
754 825 918 889 quaenam
932 806 1059 890 optime
1083 796 1199 889 guber·¹
1217 878 1220 883 ,

104 911 207 976 nandi
221 909 306 969 ratio
323 916 430 983 esset,
451 902 641 987 respondit,
669 903 1020 987 paucaloqai,·audire
1041 909 1198 985 malem

103 990 270 1092 numquam
291 1010 391 1069 irasci.
442 1005 542 1068 Nullo
568 1026 644 1068 casu
666 1009 953 1093 commovebatur,
976 1020 1199 1096 praeterquam

105 1111 232 1176 morbis
244 1098 287 1171 a!
294 1117 402 1171 morte
414 1106 607 1193 amicorum,
627 1128 695 1169 non
708 1111 815 1188 majus
827 1110 954 1173 bonum
967 1109 1006 1170 in
1019 1111 1092 1174 vite
1105 1133 1198 1195 agno-

107 1232 216 1292 scens,
240 1229 339 1295 quam
352 1209 543 1307 amicitiam.
565 1207 607 1295 (ς.
626 1215 690 1285 10.)

194 1413 414 1498 Optaremus,
431 1414 540 1496 pergit
555 1411 664 1494 idem,
691 1415 746 1478 hie
762 1426 915 1480 enarrare
929 1437 1027 1504 posse
1044 1410 1220 1506 complura'

105 1517 267 1603 jucunda,
290 1535 373 1602 quae
387 1514 591 1595 acciderunt,
615 1529 648 1578 et
671 1516 712 1580 ad
725 1511 820 1581 'bene
843 1518 1087 1615 instituendam
1107 1524 1199 1584 vitam

106 1623 222 1697 utilia,
246 1637 330 1703 quae
345 1613 502 1678 Lucienus
526 1620 595 1680 suis
618 1621 772 1702 operibus
795 1620 978 1700 immiscet,
1001 1633 1036 1684 et
1057 1623 1198 1709 inprimis

14 1768 17 1773 .
106 1721 281 1799 hjstorias,
304 1738 388 1804 quae
411 1717 516 1799 ipsius
537 1730 688 1804 tempore
710 1722 895 1801 contigere,
925 1742 1072 1807 quasque
1094 1723 1200 1786 india·

106 1827 184 1904 logo
199 1821 241 1884 te
254 1821 414 1885 Amicitia
432 1828 684 1896 commemorat3
707 1819 765 1882 sed
781 1823 844 1883 hoc
863 1823 903 1884 ab
918 1823 1074 1886 instituto
1099 1837 1198 1888 nostro

105 1923 239 2003 longius
254 1940 314 1984 nos
328 1917 514 1983 abduceret.
542 1917 584 1987 la
598 1917 739 2003 quedam
752 1923 871 1986 herum
885 1925 1100 1991 historiarum
1111 1926 1201 2010 (toa
1216 1966 1220 1999 ;

4 2040 8 2063 ¹
39 2054 43 2059 ·
108 2050 135 2088 c.
148 2023 219 2108 89.)
235 2022 383 2109 loquitur
408 2021 449 2085 de
470 2020 573 2084 variis
595 2023 693 2085 bellis
708 2021 906 2105 Scytharum
931 2024 973 2087 ad
990 2012 1220 2091 Taurinou-i

105 2128 303 2205 bibentium,
326 2123 485 2190 adversus
501 2122 648 2186 caeteros
664 2121 909 2208 'septentrionis
936 2130 1111 2210 barbaros,
1135 2122 1220 2203 rna-s*

107 2230 200 2292 xime
218 2240 332 2315 contra
356 2226 498 2311 Bospori
516 2223 665 2298 adcolas,
687 2247 826 2310 quorum
847 2227 1021 2290 Leueanor
1035 2250 1072 2291 ae
1090 2222 1220 2319 deinde-⁴

26 2322 32 2331 ⁹
107 2331 273 2394 Eubiotus
292 2333 394 2392 frater
411 2330 534 2390 nothus
551 2347 591 2390 eo
604 2339 755 2410 tempore
771 2349 865 2408 reges
880 2344 984 2392 erant.
1008 2333 1108 2411 (Toto.
1123 2336 1194 2399 acii.

107 2436 161 2500 51.
186 2441 220 2510 et
243 2433 316 2504 54.)
346 2418 521 2491 Leuconor
535 2431 648 2489 forsan
669 2441 870 2492 successerat
885 2429 1131 2513 Rhoemetalci,
1150 2432 1195 2519 qui
1218 2432 1220 2437 ’

108 2543 182 2595 erat
203 2540 267 2597 rem
291 2528 451 2612 Bospori,
478 2541 630 2613 tempore
655 2527 833 2592 Antonini.
863 2535 927 2607 (T.
950 2534 1027 2594 Ant.
1053 2557 1087 2599 v.
1111 2540 1193 2623 pao.

107 2631 241 2699 Lacian.
260 2628 380 2694 Pseud.
396 2652 422 2692 c.
443 2627 518 2713 57.)
540 2630 668 2709 Naves,
691 2651 774 2715 quae
796 2629 968 2694 Lucienum
986 2646 1194 2702 servaverant

108 2748 148 2800 ut
175 2742 256 2797 mox
275 2731 482 2811 videbimus,
512 2733 680 2795 vehebant
710 2733 836 2812 legatos
857 2735 1035 2819 Eupatoria
1062 2738 1195 2820 ejusden

105 2845 216 2900 terrae
238 2835 344 2917 regis,
371 2854 455 2920 quae
479 2835 517 2897 in
537 2832 733 2915 Bithyniam
764 2838 1124 2921 proficiscebantur'ad
1141 2836 1193 2903 tol·

108 2936 254 3002 vendam
267 2938 443 3023 pecuniam
461 2937 637 3019 quotannis
654 2959 672 2998 a
687 2956 722 2998 se
738 2935 894 3016 debitam,
907 2952 964 3002 aut
980 2939 1026 3002 eti
1041 2940 1198 3031 apcipien-

109 3038 184 3102 darn
200 3061 291 3119 eam,
308 3060 407 3125 quam
419 3037 563 3101 Romani
576 3037 641 3121 ipsi
655 3039 847 3102 solvebant:
870 3042 971 3104 verba
986 3044 1077 3107 enim
1093 3052 1199 3107 aucto·

107 3143 155 3205 ris
175 3142 224 3205 tat
237 3146 367 3226 κομιδῇ,
392 3138 480 3203 dicto
501 3162 528 3200 c.
545 3142 598 3215 57.
615 3136 774 3202 Pseudom.
793 3140 863 3221 [sed
884 3145 995 3206 locum
1017 3127 1198 3225 diligentius

107 3242 316 3306 examinanti
335 3244 478 3327 patebit,
502 3260 570 3304 non
588 3241 625 3302 in
645 3238 818 3325 utramque
838 3255 966 3330 partem
987 3247 1092 3330 accipi
1113 3250 1199 3331 poan

13 3332 20 3351 '
52 3396 55 3405 .
106 3342 191 3426 haec
204 3344 318 3426 verba]
332 3356 508 3426 utrumque
524 3362 659 3405 sensum
674 3341 863 3407 admittunt.
887 3345 1050 3409 Eubiotus
1066 3346 1109 3407 in'
1120 3344 1205 3407 bello·

108 3457 222 3511 contra
245 3445 386 3527 Scythas
414 3443 485 3506 dux
505 3454 658 3528 praeerat
679 3444 831 3506 omnibus
852 3442 1001 3526 Graecis,
1029 3444 1202 3521 secundum

105 3549 209 3610 verba
233 3544 385 3623 Luciani,
417 3545 522 3631 (Tou.
548 3568 575 3606 c.
591 3546 666 3630 54.)
688 3545 724 3608 id
748 3559 814 3625 est,
840 3560 876 3610 ut
893 3550 1067 3628 existimo,
1090 3547 1200 3611 incolis

8 3664 14 3678 ‘
106 3650 240 3712 urbium
278 3647 476 3714 Graecarum
508 3643 725 3711 Chersonesi:
761 3647 863 3733 idque
891 3671 1006 3713 eorum
1037 3653 1201 3719 confirmat

106 3753 326 3832 sententiam,
349 3754 408 3837 qui
424 3750 579 3831 credunt,
600 3750 700 3816 istam
713 3752 884 3831 regionem
900 3755 1051 3838 paruisse
1065 3752 1199 3841 imperio

105 3851 193 3938 regis
210 3849 362 3940 Bospori.
794 3853 797 3857 ’

189 4050 285 4119 Idem
301 4056 509 4122 Tillcmomiue
521 4054 596 4136 eod.
618 4055 658 4122 T.
680 4066 714 4128 2.
736 4069 792 4145 pi
795 4066 845 4129 11.
859 4060 1035 4125 historiam
1048 4056 1215 4123 Alexam.
