2640 4680
99 352 168 404 ιη
248 386 307 418 y,
435 338 868 395 raanrarro

38 517 42 535 .
102 498 228 572 saltem
242 515 374 589 meam,
399 485 430 561 si
445 486 547 567 Deus
563 475 709 582 vireset
724 486 839 564 otium
853 488 1017 589 dederit,
1044 495 1165 596 spon‘d
1214 476 1223 565 ’,·

103 623 287 674 Summam·
389 639 393 644 ·
753 638 756 642 .

208 784 291 874 lam
315 822 361 870 eo
376 823 476 872 nunc
491 794 640 895 deveni,
673 815 716 870 ut
747 794 853 872 etiam
875 797 924 873 de
950 801 1066 877 forma
1088 805 1215 903 operis„

104 904 231 1008 paucis
256 900 462 976 monendus
474 901 520 973 sit
532 901 659 975 lector.
711 899 815 974 Hanc
832 904 986 979 ,omnino
1007 907 1211 983 curavimus·

105 1011 237 1100 talem,
263 1023 410 1104 quaest
439 1003 603 1103 dignitati
622 1002 807 1102 scriptoris
825 1007 1051 1100 conveniret,
1063 1046 1065 1062 ν
1078 1028 1114 1099 et
1135 1010 1216 1083 leo..

75 1130 76 1135 ’
105 1111 192 1186 toris
209 1104 457 1182 commoditati
477 1132 584 1205 qnam
598 1106 752 1180 maxime
765 1107 964 1191 inserviret.
997 1109 1044 1182 Et
1058 1110 1096 1182 in
1105 1109 1213 1201 hunc,

78 1249 80 1255 ⁴
105 1212 254 1314 quidem
275 1213 385 1284 finem
406 1209 579 1312 elegimus
601 1235 678 1283 non
696 1229 855 1284 veterem
875 1209 973 1283 illam
996 1214 1214 1313 quadratam,

105 1321 280 1406 formam,
314 1339 387 1412 qua
407 1311 542 1412 prodiit
569 1312 660 1397 olim¹
677 1317 901 1405 Reitziona,
938 1313 1058 1387 minus
1071 1316 1211 1407 seilicet,

105 1420 206 1500 illam
221 1416 335 1493 oculis
349 1415 556 1514 aequalium
569 1435 775 1488 nostrorum
788 1413 1037 1490 hebetioribus
1047 1438 1083 1490 et
1096 1422 1207 1493 mani·

105 1522 176 1598 bus
189 1517 423 1623 debilioribus
438 1545 645 1619 congruam,
670 1515 735 1589 sed
749 1518 939 1612 minorem,
966 1545 1059 1620 quae
1074 1521 1207 1621 Bipon-

11 1621 13 1624 ’
108 1620 203 1700 tinae
216 1621 542 1723 appropinquaret,
567 1621 628 1715 ita,
655 1641 696 1692 ut
710 1621 814 1695 etiam
835 1622 1063 1696 voluminum
1086 1644 1123 1696 et
1141 1652 1211 1701 noe

107 1753 269 1819 merum,
304 1743 340 1823 et
357 1722 527 1814 modum,
560 1747 675 1821 prope
698 1720 880 1816 eundem,
914 1750 954 1795 ac
980 1724 1206 1822 Bipontinae,

109 1854 300 1904 evasurum
315 1852 391 1900 esse
411 1823 615 1924 praevideri
635 1825 758 1923 possit
809 1825 910 1899 ldem
930 1827 1125 1900 consilium
1155 1856 1205 1903 se·

108 1928 349 2025 cutiScbolia,
360 1923 496 2029 quaein
505 1920 803 2027 Bipontinainter
819 1932 1206 2006 textumetversionem

43 2024 48 2034 ’
106 2034 390 2132 uniuscujusque
400 2029 547 2132 paginas
557 2028 915 2105 mediumtenuerant
928 2032 1093 2132 spatium,
1105 2063 1205 2109 nuuc

106 2160 190 2240 post
199 2138 414 2231 ,universum
434 2130 624 2209 voluminis
645 2138 820 2234 cujusque
835 2155 971 2208 textum
987 2135 1095 2208 simul
1120 2165 1212 2215 cum.

107 2242 203 2335 notis
218 2238 410 2312 VVsDD.
432 2237 687 2340 relegavimus,
713 2231 790 2335 vice
808 2265 911 2311 versa
924 2237 1041 2311 Variis
1052 2239 1206 2321 Lectio·

108 2345 228 2436 tribue,
247 2368 343 2440 ⁴quas
357 2341 563 2440 Bipontini,
590 2338 654 2412 ubi
670 2367 769 2412 nunc
786 2359 871 2413 suut
888 2338 1053 2435 Scholia,
1078 2369 1205 2428 posue·

49 2510 55 2517 .
109 2465 210 2537 rant,
235 2442 359 2516 locum
378 2436 431 2516 ibi
445 2436 631 2535 dedimus,
658 2440 779 2517 ub'ain
801 2442 861 2515 illa
877 2445 1022 2516 fuerant
1050 2442 1202 2520 Scholia.

7 2552 11 2561 ’
105 2548 226 2626 Etiam
240 2549 482 2623 Belinianam
495 2543 580 2617 Mss
595 2543 843 2638 collationem,
869 2573 976 2644 quam
989 2545 1201 2645 Bipontinae
1219 2582 1222 2591 ·

109 2651 255 2727 Tomus
265 2649 313 2722 X.
335 2648 518 2739 continet,
551 2646 800 2746 transpositam
823 2676 864 2721 ac
885 2648 1111 2732 distributam
1134 2652 1202 2724 suis

67 2770 70 2775 ’
110 2773 277 2856 quaeque
295 2751 389 2839 locis
404 2749 650 2853 intexuimus,
685 2751 741 2843 Ita
765 2752 879 2825 multo
904 2750 1201 2827 faciliorem'fieri
1237 2754 1241 2803 ¹

111 2870 345 2956 conspectum
369 2877 520 2947 eorum,
551 2855 683 2952 quibus
706 2854 783 2927 fere
811 2855 1011 2951 conjunctis
1031 2853 1087 2927 uti
1109 2857 1200 2947 velis,
1219 2904 1241 2951 Ι·

99 2985 220 3036 >nemo
235 2983 324 3049 non,
338 2955 405 3055 qui
421 2982 504 3030 usus
522 2953 658 3050 fuerit,
677 2954 888 3055 experietur.
931 2954 1101 3057 Denique
1110 2955 1202 3034 haud

111 3062 294 3161 ingratum
318 3057 554 3132 existimamus
578 3061 655 3145 fore
677 3058 842 3135 Lucrum
865 3059 1083 3153 cultoribus,
1107 3058 1213 3162 quod

107 3165 152 3237 in
166 3164 285 3238 Tomo
299 3163 416 3260 primo
430 3155 788 3262 post‘Prolegomena
801 3182 1036 3260 conspectum
1047 3166 1219 3264 omniunt=

108 3267 266 3343 auctoris
288 3264 515 3358 libellorum,
547 3261 620 3362 quo
646 3263 773 3338 ordine
806 3263 978 3363 >deinceps
1002 3293 1069 3364 per
1095 3269 1205 3343 varios

13 3406 21 3422 ν
109 3369 230 3470 operis
247 3390 364 3441 tomos
383 3369 458 3440 sese
476 3364 677 3465 excipiunt,
705 3362 931 3468 designatum
956 3368 1205 3466 deprehende·

104 3473 195 3554 rint.
248 3468 390 3544 Titulos
414 3492 535 3543 autem
551 3470 776 3570 singulorum
791 3468 974 3557 citavimus
994 3498 1138 3571 semper
1164 3464 1208 3544 ad

108 3565 220 3648 unam
236 3597 386 3672 eamque
403 3592 627 3666 constantem
645 3599 820 3664 normam,
843 3573 958 3646 verbis
976 3574 1126 3674 quidem
1142 3571 1208 3649 La·

108 3677 289 3770 tiniensi,
323 3670 424 3772 nou,
452 3696 495 3749 ut
519 3673 693 3748 Soranus
727 3677 888 3776 solebat,
914 3705 1022 3749 nunc
1052 3677 1208 3768 Graecis,

109 3808 210 3855 nunc
226 3777 372 3859 Latinis.

212 3983 274 4058 Ad
290 3981 500 4085 dignitatem
513 4008 599 4058 vero
613 3978 731 4083 operis
738 3980 947 4083 plurimum,
964 3984 1104 4084 opinor,
1118 4007 1203 4056 con·

93 4084 207 4166 leret
218 4108 353 4166 ctmcta
360 4081 468 4162 facies
483 4107 642 4186 externa,
659 4091 761 4188 cujus
776 4085 1201 4191 nitoremetelegantiam
