2640 4680
191 329 282 386 aare*
434 290 513 385 ιιιιΙ
562 329 859 408 aurare,
911 333 1115 399 vrrs,

184 486 291 552 ..Alex
308 506 334 550 s
351 481 594 550 Pseudomant
610 482 636 565 1.
655 491 681 552 1.
698 495 733 548 et
747 482 815 568 48)
856 485 921 552 Ille
937 484 1114 555 Lucrasus
1132 500 1168 556 st
1185 487 1283 557 hodic

186 593 438 676 perceleberest
454 588 584 672 scriptis
599 589 773 683 suis,quae
789 592 829 653 ob
842 591 976 701 linguae
993 590 1139 658 Graecae
1154 596 1283 682 puritass

187 705 256 757 tem
279 692 461 777 stilumque
484 690 646 776 politum,
675 690 874 771 jucundum,
909 670 1078 771 vividum,
1107 708 1143 760 et
1165 699 1281 761 acumi-

114 784 119 795 ’
183 797 237 859 nis
257 800 406 879 plenum,
421 815 540 875 magna
553 815 627 857 cum
642 796 815 879 voluptate
825 795 991 876 leguntur
1014 793 1083 861 set
1095 800 1280 884 palampro

183 899 220 960 fia
225 910 298 960 etur
312 901 530 982 impietatem,
551 918 655 983 aeque
669 900 876 960 subsannans
893 920 1008 963 ueram
1025 889 1310 981 religionemdo

185 1021 248 1085 qua
261 999 442 1063 ¹'diuersis
431 1023 468 1061 m
489 1001 570 1062 locis
592 1002 756 1086 loquitur,
787 1021 824 1062 ac
839 1001 1095 1085 superstitiones
1116 1001 1276 1113 Ethnicp·

182 1122 274 1180 rum,
305 1123 385 1186 quas
404 1122 485 1167 rere
510 1100 665 1165 ridiculas
691 1121 766 1164 esse
787 1098 1001 1166 demonstrat.
1050 1100 1132 1168 lude
1156 1092 1310 1205 cogni,

181 1223 261 1266 men
276 1204 464 1289 blasphemi
490 1214 524 1265 et
539 1202 647 1273 Athei
664 1203 786 1282 traxit,
806 1214 900 1266 teste
919 1202 1026 1268 Snida
1071 1204 1224 1292 Namque
1243 1217 1272 1271 et

179 1304 429 1392 philosophiam
449 1304 584 1390 Epicuri
604 1308 806 1384 sectabatur,
830 1318 868 1369 ut
888 1304 983 1368 vid.
972 1329 1008 1369 ιιι
1024 1308 1131 1393 ipsius
1147 1304 1285 1370 Lucios

178 1405 300 1473 Pseud.
318 1430 344 1470 c.
360 1412 412 1475 61.
439 1408 529 1469 Phor.
549 1431 575 1473 c.
596 1415 667 1477 128.
680 1413 795 1491 P.309.
811 1414 911 1493 (quae
925 1410 964 1470 ab
980 1409 1145 1473 atheismo
1160 1428 1269 1496 parum

178 1509 295 1594 distat)
321 1510 503 1595 velpotius
524 1531 632 1596 neque
647 1503 878 1594 ullireligioni
900 1509 1147 1592 addictus'fuit,
1170 1530 1268 1598 nequa
1290 1506 1296 1515 ’

138 1672 141 1685 ,
178 1611 297 1692 dogma
319 1596 449 1675 certum
469 1624 503 1674 et
521 1625 674 1675 constans
693 1614 796 1691 fouit,
819 1614 931 1676 omnia
946 1635 1027 1677 vero
1046 1613 1222 1677 utincerta
1234 1634 1264 1678 ac

93 1792 96 1797 Ι
175 1717 415 1800 problematice
437 1712 665 1792 considerans,
689 1727 722 1779 et
736 1715 847 1775 omnia
869 1713 977 1777 ridere
999 1717 1129 1779 volens.
1176 1714 1265 1797 Quod

87 1900 90 1906 ἦ
160 1817 287 1902 'ipsum
313 1816 450 1904 adparet
479 1839 523 1880 ex
547 1828 686 1902 quatuor
713 1815 883 1894 versibus,
914 1816 971 1899 qui
989 1830 1143 1902 tempore
1161 1818 1280 1885 Photii'

177 1920 248 1995 eius
263 1921 419 2003 operibus
433 1920 573 2006 praefixi
585 1921 790 1999 legebantur,
814 1914 1184 2004 [jamEpigrammatnm
1199 1922 1266 2009 pril-¹

174 2041 268 2085 mum
278 2023 350 2104 est]
367 2020 434 2087 Sed
450 2021 537 2108 quod
549 2034 721 2109 praeterea
738 2020 857 2104 scripta
873 2022 988 2105 ejus
959 2019 1069 2083 reddit
1081 2024 1171 2087 lectu
1186 2020 1260 2111 ps'ri·

104 2184 107 2189 .
175 2125 303 2205 culosa,
333 2122 419 2188 illud
442 2139 508 2200 est,
533 2124 664 2212 quod«
639 2142 739 2208 saepe
755 2129 823 2186 non
837 2126 997 2201 majorem
1009 2121 1150 2239 pudori,
1170 2144 1258 2213 qnam

172 2225 345 2307 religioni,
374 2227 543 2291 reverenti
545 2248 598 2289 tm
620 2224 769 2287 exhibet

258 2428 516 2517 Oriunduserap
533 2422 742 2490 Samosatis
729 2447 767 2486 ιιι
781 2423 887 2507 Syria,
909 2427 993 2514 (vid.
1010 2429 1116 2513 Quom.
1139 2434 1218 2515 Ηίιι.
1232 2454 1254 2496 ι.

170 2533 240 2611 24.)
269 2537 403 2594 fortuua
417 2528 527 2606 tenui,
550 2548 610 2611 per
628 2525 762 2613 aliquod
777 2538 909 2612 tempus
925 2550 1054 2595 caussas
1070 2532 1175 2616 dixit,
1199 2528 1259 2616 (att
1304 2560 1310 2613 ι

166 2659 223 2719 pro
240 2633 373 2696 Maced.
394 2632 487 2694 Genti.
505 2633 529 2712 ι.
546 2633 619 2705 ult.)
637 2642 671 2693 et
691 2639 841 2690 extrema
856 2645 1027 2696 senectute
1042 2655 1164 2703 munus
1179 2636 1255 2704 Gra·-
1305 2658 1310 2707 Ἰ

108 2752 121 2765 ‘
168 2734 292 2821 phiarii
309 2736 469 2821 praefecti
482 2732 630 2816 Aegypti
643 2732 780 2817 accepit,
805 2735 902 2808 (conf.
915 2757 971 2814 pro
985 2735 1083 2813 Marc.
1099 2761 1126 2802 e.
1135 2744 1164 2808 5.
1181 2746 1257 2809 9,,ιι

169 2849 220 2908 12
230 2839 245 2923 )
269 2861 336 2902 non
354 2837 454 2901 aliam
469 2838 555 2897 sorte
576 2832 783 2896 occasionem
797 2845 910 2895 nactus
918 2857 1014 2921 ,qua
1033 2854 1257 2925 paupertatem

163 2944 338 3023 assurgeret
370 2934 455 3025 (ipse
472 2956 532 2998 nos
547 2945 580 2996 et
596 2937 661 2997 alia
674 2936 771 3037 plura
783 2933 961 3014 singularia
976 2936 1018 3000 de
1033 2960 1093 3003 sua
1112 2943 1184 3008 rita
1198 2944 1270 3011 do-

167 3057 233 3121 cet,
255 3065 320 3129 qua
303 3061 423 3105 enon
437 3058 623 3102 necessaria
637 3024 794 3101 duximus
809 3038 944 3099 referre
987 3039 1162 3126 Vidimus,
1187 3068 1258 3113 eum

163 3145 333 3232 scripsisse
349 3159 492 3204 canones
514 3158 591 3201 suos
612 3138 788 3200 historicos
802 3136 894 3199 haud
916 3141 1021 3204 serius
1035 3160 1124 3209 anno
1138 3145 1259 3217 Christi

162 3257 234 3318 166
252 3249 423 3329 vitamque
435 3227 623 3304 Alexandri
639 3248 872 3324 postmortem
887 3238 990 3305 Marci
1003 3243 1164 3332 Aurelii.)
1196 3248 1258 3317 Ita·

163 3373 228 3436 que
249 3371 317 3411 non
343 3363 519 3432 possumus
538 3345 633 3428 sequi
655 3343 752 3420 illos,
784 3344 841 3427 qui
865 3363 909 3405 ex
933 3349 1122 3412 narratione
1145 3350 1259 3417 satta

162 3474 241 3515 eum
256 3446 484 3523 collocarunt
467 3468 511 3523 Ιιιι
523 3455 654 3529 tempus
668 3443 806 3523 Trajani
822 3441 955 3521 (Baion.
973 3455 1042 3515 171.
1058 3449 1084 3530 p
1103 3449 1260 3545 7,)-86-

161 3554 218 3615 das
232 3540 335 3630 addit,
357 3546 491 3623 referri,
509 3565 587 3608 eum
609 3564 629 3606 a
643 3544 779 3606 canibus
795 3540 997 3631 discerptum
1010 3550 1201 3636 interiisse,
1222 3558 1265 3623 in·

159 3676 313 3742 paenam,
337 3640 425 3737 quod
440 3646 539 3713 ausus
553 3645 797 3710 essetcarillari
816 3643 928 3710 Jnsuu
944 3646 1138 3736 Camarum,
1156 3656 1261 3744 (quod

159 3762 287 3822 forsan
288 3779 330 3818 ne
346 3756 413 3846 ipsi
434 3749 569 3836 quidem
590 3745 770 3811 daemones
792 3768 955 3833 umquam
968 3765 1046 3823 sunt
1059 3759 1143 3823 ausi.
1189 3758 1267 3827 Nos·

158 3879 239 3923 vero
256 3869 446 3941 optaremus
461 3850 497 3913 id
517 3846 720 3912 testimoniis
734 3850 856 3911 melius
871 3857 1130 3938 comprobatum
1132 3858 1171 3945 )
1166 3858 1307 3932 ····Grs·

50 4015 56 4033 ,
157 3960 246 4023 ditur
263 3959 375 4034 etiam,
398 3953 637 4017 nonnullorum
651 3948 794 4029 dictum,
818 3950 905 4036 quod
920 3951 1128 4021 Christianus
1142 3962 1258 4045 fuerit,

156 4059 249 4128 haud
263 4057 399 4125 ιιιίιιιιιιιι
414 4066 540 4133 natum,
557 4073 655 4145 quam
671 4069 715 4115 ex
726 4053 830 4119 serbo
845 4052 958 4116 Sattiae
969 4058 1058 4123 male
1070 4059 1259 4147 intellecto,
