2640 4680
157 328 234 400 4ffi
407 334 980 428 snuorsrrouns

159 492 239 555 hinc
261 489 344 550 falso
367 487 520 571 colligere
541 481 673 546 videtur
695 481 895 563 Wielondiue,
921 505 1078 545 summum
1103 484 1201 546 illurn
1223 485 1274 547 vi-

159 599 231 640 rum
253 574 292 634 de
314 574 483 635 authentia
503 570 608 631 libelli
637 591 705 630 non
729 569 901 634 dubitasse.
957 568 1083 634 Contra
1108 570 1273 653 probabile

162 676 230 736 est,
252 680 324 720 eum
346 660 381 718 in
402 657 485 734 illis,
510 676 592 738 quae
614 669 688 715 ante
708 653 815 738 ipsum
839 675 857 714 a
879 654 960 716 viris
983 654 1091 717 doctis
1108 656 1274 717 observate

88 808 91 825 ,
163 758 264 822 erant,
283 743 486 826 acquievisse
501 741 560 818 ita,
576 754 614 799 ut
627 739 714 799 nihil
728 739 792 799 sibi
807 737 989 802 addendum
1005 754 1147 823 putaret.
1181 738 1274 825 Quod
1316 793 1317 798 ,

162 828 231 893 nisi
252 829 299 888 ita
315 843 414 906 esset,
437 824 525 887 hand
547 825 645 886 dubie
659 846 718 908 pro
734 846 821 886 more
843 847 902 886 suo
927 847 1058 885 caussae
1073 825 1214 887 Luciani
1231 825 1275 886 sui
1314 894 1317 899 ¹

163 908 233 976 ¹non
250 912 406 976 defuisset
421 909 567 975 tacendo.
612 910 749 979 Interim
766 924 873 972 tamen
894 909 1008 971 lubens
1028 910 1205 973 Wiebandio
1219 909 1276 971 ad·

164 998 306 1076 sentior,
332 1000 480 1060 Tlromcm
492 997 617 1059 Moram
630 989 1068 1073 (Marcilium)'morositatis
1089 1010 1126 1057 et
1148 994 1276 1077 cupitli-

165 1083 244 1146 tatis
266 1083 448 1160 incusanti,
481 1080 570 1167 qnod
593 1081 620 1141 is
649 1079 727 1138 huic
751 1079 882 1164 dialogo
901 1079 1079 1141 dictionem
1103 1083 1228 1141 lentam
1249 1092 1277 1142 ct

168 1168 378 1247 oscitantem,
410 1184 479 1229 tum
510 1166 743 1233 sententiarum
768 1165 935 1227 levitatem
959 1179 992 1227 et
1015 1180 1276 1249 argumentorum

166 1251 272 1337 frigus
296 1269 329 1315 et
347 1252 556 1315 delirationes
574 1249 835 1334 exprobraverit:
856 1250 995 1333 'quornm
1011 1250 1159 1310 omnium
1177 1270 1277 1332 neque

166 1358 230 1423 ego
242 1337 423 1420 ,quidquam
439 1336 487 1396 ibi
505 1337 621 1419 reperi.
664 1336 736 1401 Imo
758 1333 870 1416 potius
882 1333 1123 1395 Socraticorum
1136 1349 1276 1395 veterum

168 1436 237 1482 tum
255 1420 477 1504 disciplinam,
501 1434 570 1481 tum
585 1420 783 1497 orationem,
805 1416 893 1479 haud
918 1415 1095 1495 difficulter
1115 1432 1276 1505 agnoscet,

168 1525 268 1589 penes
285 1527 380 1588 quem
400 1528 508 1566 earum
529 1526 635 1566 rerum
650 1502 809 1588 judicium
824 1516 872 1562 est
893 1518 926 1564 et
939 1502 1122 1563 arbitrium.
1167 1504 1276 1565 Luna.

254 1589 334 1654 Euri.
358 1596 379 1652 l.
404 1596 456 1660 15.
481 1587 645 1671 Ἀφωνα)
668 1589 822 1651 Caussam
846 1584 953 1648 adfert
968 1587 1170 1668 Aristoteles,
1199 1584 1277 1673 quod
1306 1592 1316 1659 'j

169 1672 224 1734 his
239 1695 346 1757 neque
368 1680 482 1757 pulmo
505 1676 566 1747 sit,
594 1695 701 1757 neque
719 1671 854 1750 arteria,
877 1693 986 1757 neque
1000 1686 1125 1758 guttur.
1170 1675 1279 1741 Horat.

171 1757 307 1819 inOdis
324 1759 446 1842 (1V‚3,
469 1755 627 1839 19.20.)=
676 1832 681 1843 Ι

244 1864 247 1870 “
342 1842 371 1904 0
393 1845 482 1903 mutis
505 1866 619 1926 quoque
634 1840 767 1924 piscibus

336 1926 496 2003 Donatum
512 1929 612 2010 cygni,
636 1929 663 1986 si
685 1924 791 2002 librat,
815 1947 930 1988 sonum.
1128 1990 1133 2001 ¹
1223 1964 1227 1969 ·
1311 1990 1316 1997 ,

171 2010 304 2077 Lucina.
329 2010 364 2069 in
381 2012 495 2072 Gallo:
515 2006 594 2075 nolti
615 2003 813 2094 ἀφωνότερος
831 2011 936 2090 ἔσομαι
956 2009 1018 2071 τῶν
1042 2006 1192 2091 ipitius(
1213 2010 1278 2076 adt.
1312 2022 1317 2081 j

107 2094 110 2100 ⁵
171 2094 302 2159 Indoct.
319 2103 435 2176 μᾶλλον
447 2102 509 2160 reia
523 2089 641 2177 ἰχθύων
654 2091 851 2178 ἀφωνότερος
863 2092 897 2159 εἷ.
939 2093 1055 2169 Goon.
1312 2134 1316 2171 ·.

259 2178 339 2243 Euri.
360 2186 385 2249 1.
410 2189 462 2250 18.
494 2176 633 2254 Παλαιὸς
654 2173 685 2242 i.
709 2176 893 2262 μεμύθευται
912 2174 1024 2265 liyo'e)
1055 2178 1281 2243 Occasio‘dis·

173 2265 357 2348 putationis
371 2265 438 2325 fuit
451 2264 562 2326 fabula
580 2261 620 2323 de
635 2263 742 2343 Ceyce
758 2277 792 2324 et
805 2264 999 2345 Halcyone..
1023 2262 1063 2323 In
1079 2262 1172 2326 hunc
1187 2266 1280 2331 ferne

173 2348 307 2413 modum
326 2348 464 2409 habetur
487 2348 575 2430 apud
593 2346 680 2410 ovid.
701 2347 838 2411 Metam.
859 2348 917 2410 lib.
931 2346 992 2423 Xi,
1014 2352 1089 2416 420.
1110 2347 1208 2431 Ceyx
1220 2350 1281 2413 Lat
1316 2350 1319 2363 '

175 2433 370 2495 ciferililius
387 2433 583 2494 Trachinlae
596 2455 654 2494 rex
671 2432 873 2512 Halcyonem
888 2432 1004 2492 habuit
1019 2454 1171 2513 uxorem3
1194 2452 1282 2519 equs

175 2538 249 2579 cum
264 2516 451 2600 prohibitus
466 2519 545 2578 isset
566 2514 606 2576 ad
632 2515 865 2577 consulendum
884 2516 1071 2599 Apollinem
1083 2518 1237 2593 ¹Clarium
1249 2515 1283 2579 dc
1314 2548 1318 2577 :

175 2615 266 2663 statu
282 2601 394 2687 regni,
419 2600 591 2682 naufragio
606 2600 722 2682 periit:
745 2605 838 2681 cujus
861 2618 979 2682 corpus
1000 2622 1071 2662 cum
1097 2602 1140 2663 ad
1153 2620 1283 2666 uxoren
1316 2630 1319 2635 ·

176 2683 319 2747 delatum
333 2685 450 2746 fuisset
465 2685 501 2745 in
518 2683 729 2761 ilrachine'm,
740 2718 742 2723 ·
752 2683 874 2747 doloris
888 2685 1060 2769 impatiens
1072 2686 1135 2749 illa
1152 2688 1189 2748 in
1208 2706 1284 2749 mars
1314 2716 1319 2743 .-

176 2782 213 2832 'se
242 2768 479 2852 praecipitavit.
511 2770 650 2832 >Postea
675 2766 884 2839 miseratione
907 2770 1057 2832 Thetidis
1083 2785 1118 2833 et
1139 2770 1284 2835 Luciferi

177 2853 330 2917 conversi
352 2869 430 2915 sunt
450 2852 543 2916 ambo
560 2855 596 2915 in
621 2874 696 2917 avet
718 2853 875 2931 marinas,
901 2875 983 2940 quae
998 2856 1132 2918 Graecis
1146 2854 1286 2931 dissilivit

178 2938 352 3017 dicuntur,
375 2939 507 3000 Latinis
523 2937 725 3016 Alcedones,
750 2940 847 3001 nteit
865 2941 965 3002 Varro
986 2939 1028 3002 de
1038 2942 1082 3004 L.
1100 2942 1145 3007 L.
1157 2942 1218 3007 lib.
1229 2940 1284 3003 nt

176 3023 268 3101 Hae,
292 3018 452 3086 referente
466 3024 566 3087 Plinio
580 3024 622 3086 X.
640 3047 668 3085 c.
686 3033 739 3093 32.
763 3047 805 3086 ex
820 3025 1001 3102 Aristotele,
1024 3028 1136 3109 paullo
1158 3026 1286 3110 amplia·

121 3144 133 3156 -
178 3130 229 3171 res
256 3123 332 3168 sunt
350 3126 494 3191 passere,
527 3114 635 3171 colore
654 3130 798 3189 cyaneo,
830 3114 915 3171 collo
937 3110 1052 3193 gracili
1074 3124 1121 3172 -ac
1141 3128 1285 3195 procero.

179 3193 377 3255 Foetilicaut
395 3192 525 3271 bruma,
549 3195 606 3277 qui
621 3193 688 3255 dies
704 3194 835 3254 Graecis
851 3193 1041 3273 ἆλκυονίδες,
1065 3195 1196 3257 Latinis
1210 3192 1287 3259 Hel·
1307 3220 1310 3225 ·

179 3282 284 3362 cycnis
300 3293 469 3342 vocantur.
507 3279 624 3362 Neque
637 3277 809 3361 adparent,
833 3278 899 3340 nisi
912 3281 993 3340 mari
1006 3280 1207 3361 tranquillo,
1230 3300 1288 3342 nrt·

179 3361 268 3424 xime
289 3360 415 3431 Siculo,
465 3364 606 3425 Faciunt
629 3378 736 3424 autem
760 3379 881 3445 septem
911 3378 987 3426 ante
1011 3364 1157 3425 brumam
1178 3364 1288 3427 diebu

179 3445 296 3526 nidos,
321 3462 354 3511 ct
366 3446 503 3510 totidem
522 3447 733 3532 sequentibus
748 3449 898 3530 pariunt:
920 3449 1008 3513 unde
1020 3448 1230 3517 Mantuanus:
1275 3470 1281 3479 ·

348 3532 495 3596 Producit
511 3532 613 3619 Ceycis
626 3556 693 3594 atres
707 3530 891 3621 abijiigicic
903 3536 1025 3602 brema.'
1079 3538 1084 3563 ³
1145 3610 1150 3615 Ι

178 3617 227 3680 Hi
246 3617 314 3678 dies
329 3633 362 3678 et
378 3619 486 3679 nautis
502 3632 579 3687 sunt
592 3617 684 3682 noti:
707 3639 782 3679 nam
798 3619 833 3678 in
849 3619 899 3680 his
911 3620 1131 3703 tempestatem
1144 3640 1216 3684 non
1232 3640 1292 3683 tne-

180 3716 290 3763 ruunt.
336 3700 520 3764 Nidificant
538 3719 646 3765 autem
668 3702 775 3764 medio
796 3703 935 3771 inmari.
979 3702 1069 3777 Nidi¹
1081 3706 1177 3788 pilae·
1191 3702 1294 3793 'figura

181 3790 330 3870 paullum
350 3787 508 3853 eminenti
531 3810 586 3850 ore
599 3811 753 3871 perquam
775 3804 931 3873 angusto,
955 3787 1127 3875 grandini'n
1140 3791 1296 3874 ipongia·

182 3893 254 3934 rum
269 3870 497 3951 similitudine,
513 3895 554 3934 ex
570 3874 674 3957 spinis
689 3874 844 3943 aculeatis
860 3874 1031 3958 compacti,
1055 3886 1147 3935 tanta
1161 3874 1296 3953 duritie,

184 3969 225 4016 ut
237 3955 323 4016 ferro
341 3956 444 4016 incidi
458 3975 633 4042 nequeant.
677 3960 883 4042 Franguntur
898 3959 966 4020 ictu
988 3958 1111 4037 valido,
1128 3975 1300 4045 ntupuma

160 4102 164 4109 ,
187 4038 277 4101 arida
292 4040 398 4100 maris.
422 4042 476 4102 De
490 4044 726 4125 tranquillitate
742 4042 984 4123 Halcyonidum
1002 4040 1127 4105 dierum
1140 4044 1301 4107 Lucienus

177 4123 264 4189 hiet
288 4122 344 4204 τὰς
364 4123 547 4207 ἆλκνονίδας
565 4129 866 4219 epoeoyoptvoelvas
894 4122 1011 4216 intret
1034 4122 1051 4194 ὅ
1076 4125 1195 4214 κόθμθῖ
1221 4127 1300 4218 37⁸⁸·
