<?xml version="1.0" encoding="UTF-8"?>
<!DOCTYPE html PUBLIC "-//W3C//DTD XHTML 1.0 Transitional//EN"
    "http://www.w3.org/TR/xhtml1/DTD/xhtml1-transitional.dtd">
<html xmlns="http://www.w3.org/1999/xhtml" xml:lang="en" lang="en">
 <head>
  <title>
</title>
<meta http-equiv="Content-Type" content="text/html;charset=utf-8" />
  <meta name='ocr-system' content='tesseract 3.04.00' />
  <meta name='ocr-capabilities' content='ocr_page ocr_carea ocr_par ocr_line ocrx_word'/>
</head>
<body>
  <div class='ocr_page' id='page_1' title='image "./lucianisamosate04lehmgoog_0486.png"; bbox 0 0 2640 4680; ppageno 0'>
   <div class='ocr_carea' id='block_1_1' title="bbox 175 338 995 447">
    <p class='ocr_par' dir='ltr' id='par_1_1' title="bbox 175 338 995 447">
     <span class='ocr_line' id='line_1_1' title="bbox 175 338 995 447; baseline -0.013 -11"><span class='ocrx_word' id='word_1_1' title='bbox 175 338 369 437; x_wconf 51' lang='lat' dir='ltr'>ss2·&#39;</span> <span class='ocrx_word' id='word_1_2' title='bbox 427 361 995 447; x_wconf 71' lang='lat' dir='ltr'>annonaaronns</span> 
     </span>
    </p>
   </div>
   <div class='ocr_carea' id='block_1_2' title="bbox 86 517 1315 4163">
    <p class='ocr_par' dir='ltr' id='par_1_2' title="bbox 86 517 1315 4163">
     <span class='ocr_line' id='line_1_2' title="bbox 180 517 1299 613; baseline -0.001 -18"><span class='ocrx_word' id='word_1_3' title='bbox 180 524 257 596; x_wconf 75' lang='lat' dir='ltr'>tirou</span> <span class='ocrx_word' id='word_1_4' title='bbox 270 525 416 608; x_wconf 76' lang='grc' dir='ltr'><strong><em>ἐγκρατῆ,</em></strong></span> <span class='ocrx_word' id='word_1_5' title='bbox 434 517 506 596; x_wconf 68' lang='lat' dir='ltr'>nigra</span> <span class='ocrx_word' id='word_1_6' title='bbox 520 523 573 586; x_wconf 78' lang='lat' dir='ltr'>acl</span> <span class='ocrx_word' id='word_1_7' title='bbox 584 518 679 601; x_wconf 72' lang='grc' dir='ltr'><strong><em>τομὰς</em></strong></span> <span class='ocrx_word' id='word_1_8' title='bbox 692 523 742 587; x_wconf 78' lang='grc' dir='ltr'>καὶ</span> <span class='ocrx_word' id='word_1_9' title='bbox 755 520 877 599; x_wconf 77' lang='grc' dir='ltr'><strong><em>καύσεις</em></strong></span> <span class='ocrx_word' id='word_1_10' title='bbox 888 518 1034 600; x_wconf 76' lang='grc' dir='ltr'>πολλάκις</span> <span class='ocrx_word' id='word_1_11' title='bbox 1047 519 1214 608; x_wconf 73' lang='lat' dir='ltr'>incutiunt</span> <span class='ocrx_word' id='word_1_12' title='bbox 1228 529 1299 613; x_wconf 75' lang='grc' dir='ltr'>περὶ</span> 
     </span>
     <span class='ocr_line' id='line_1_3' title="bbox 178 606 1296 690; baseline -0.004 -12"><span class='ocrx_word' id='word_1_13' title='bbox 178 613 212 679; x_wconf 79' lang='grc' dir='ltr'>τὸ</span> <span class='ocrx_word' id='word_1_14' title='bbox 234 615 362 675; x_wconf 79' lang='grc' dir='ltr'>αἰδοῖον.</span> <span class='ocrx_word' id='word_1_15' title='bbox 406 607 502 684; x_wconf 89' lang='lat' dir='ltr'>Mos,</span> <span class='ocrx_word' id='word_1_16' title='bbox 524 621 562 669; x_wconf 90' lang='lat' dir='ltr'>ut</span> <span class='ocrx_word' id='word_1_17' title='bbox 577 606 723 684; x_wconf 85' lang='lat' dir='ltr'>videtur,</span> <span class='ocrx_word' id='word_1_18' title='bbox 748 630 766 667; x_wconf 88' lang='lat' dir='ltr'>a</span> <span class='ocrx_word' id='word_1_19' title='bbox 782 609 1007 688; x_wconf 69' lang='lat' dir='ltr'>mysteriorum</span> <span class='ocrx_word' id='word_1_20' title='bbox 1031 611 1097 670; x_wconf 87' lang='lat' dir='ltr'>ritu</span> <span class='ocrx_word' id='word_1_21' title='bbox 1112 610 1296 690; x_wconf 84' lang='lat' dir='ltr'>deductus,</span> 
     </span>
     <span class='ocr_line' id='line_1_4' title="bbox 181 690 1297 776; baseline 0.001 -19"><span class='ocrx_word' id='word_1_22' title='bbox 181 698 298 776; x_wconf 80' lang='lat' dir='ltr'>quibus</span> <span class='ocrx_word' id='word_1_23' title='bbox 323 690 448 752; x_wconf 86' lang='lat' dir='ltr'>initiari</span> <span class='ocrx_word' id='word_1_24' title='bbox 476 692 641 752; x_wconf 70' lang='lat' dir='ltr'>ne&#39;minerir¹</span> <span class='ocrx_word' id='word_1_25' title='bbox 664 691 819 765; x_wconf 78' lang='lat' dir='ltr'>isserat,</span> <span class='ocrx_word' id='word_1_26' title='bbox 851 692 1071 775; x_wconf 81' lang='lat' dir='ltr'>nisi&#39;probata</span> <span class='ocrx_word' id='word_1_27' title='bbox 1093 702 1297 776; x_wconf 83' lang='lat' dir='ltr'>permultos</span> 
     </span>
     <span class='ocr_line' id='line_1_5' title="bbox 180 773 1299 866; baseline -0.003 -22"><span class='ocrx_word' id='word_1_28' title='bbox 180 782 337 866; x_wconf 73' lang='grc' dir='ltr'>ἀναγκῶν,</span> <span class='ocrx_word' id='word_1_29' title='bbox 362 773 507 860; x_wconf 75' lang='grc' dir='ltr'><strong><em>βασάνων</em></strong></span> <span class='ocrx_word' id='word_1_30' title='bbox 522 792 554 835; x_wconf 90' lang='lat' dir='ltr'>et</span> <span class='ocrx_word' id='word_1_31' title='bbox 565 773 719 851; x_wconf 71' lang='grc' dir='ltr'>καύσεων,</span> <span class='ocrx_word' id='word_1_32' title='bbox 743 777 790 835; x_wconf 85' lang='lat' dir='ltr'>sic</span> <span class='ocrx_word' id='word_1_33' title='bbox 807 790 940 851; x_wconf 84' lang='lat' dir='ltr'>vocant,</span> <span class='ocrx_word' id='word_1_34' title='bbox 966 778 1080 861; x_wconf 83' lang='lat' dir='ltr'>gradus</span> <span class='ocrx_word' id='word_1_35' title='bbox 1096 778 1203 841; x_wconf 90' lang='lat' dir='ltr'>animi</span> <span class='ocrx_word' id='word_1_36' title='bbox 1221 803 1299 841; x_wconf 90' lang='lat' dir='ltr'>con·</span> 
     </span>
     <span class='ocr_line' id='line_1_6' title="bbox 175 860 1296 945; baseline -0.004 -15"><span class='ocrx_word' id='word_1_37' title='bbox 175 860 580 945; x_wconf 76' lang='lat' dir='ltr'>¹stantia¹experimentum</span> <span class='ocrx_word' id='word_1_38' title='bbox 601 861 652 919; x_wconf 88' lang='lat' dir='ltr'>sui</span> <span class='ocrx_word' id='word_1_39' title='bbox 673 877 792 921; x_wconf 87' lang='lat' dir='ltr'>certum</span> <span class='ocrx_word' id='word_1_40' title='bbox 820 860 967 940; x_wconf 83' lang='lat' dir='ltr'>dedisset.</span> <span class='ocrx_word' id='word_1_41' title='bbox 1012 862 1174 924; x_wconf 79' lang='lat' dir='ltr'>Meminit</span> <span class='ocrx_word' id='word_1_42' title='bbox 1198 865 1296 926; x_wconf 88' lang='lat' dir='ltr'>etiarn</span> 
     </span>
     <span class='ocr_line' id='line_1_7' title="bbox 181 943 1296 1030; baseline 0.002 -22"><span class='ocrx_word' id='word_1_43' title='bbox 181 954 307 1018; x_wconf 79' lang='lat' dir='ltr'>Arrian.</span> <span class='ocrx_word' id='word_1_44' title='bbox 325 945 475 1025; x_wconf 87' lang='lat' dir='ltr'>inEpiot.</span> <span class='ocrx_word' id='word_1_45' title='bbox 492 943 586 1005; x_wconf 82' lang='lat' dir='ltr'>istius</span> <span class='ocrx_word' id='word_1_46' title='bbox 599 944 847 1025; x_wconf 81' lang='lat' dir='ltr'>philosophicae</span> <span class='ocrx_word' id='word_1_47' title='bbox 862 945 1076 1026; x_wconf 84' lang='lat' dir='ltr'>probationis.</span> <span class='ocrx_word' id='word_1_48' title='bbox 1099 947 1296 1030; x_wconf 68' lang='lat' dir='ltr'>Superiorem,</span> 
     </span>
     <span class='ocr_line' id='line_1_8' title="bbox 181 1026 1296 1115; baseline -0.001 -19"><span class='ocrx_word' id='word_1_49' title='bbox 181 1051 221 1098; x_wconf 88' lang='lat' dir='ltr'>ut</span> <span class='ocrx_word' id='word_1_50' title='bbox 243 1031 390 1093; x_wconf 89' lang='lat' dir='ltr'>inertiam</span> <span class='ocrx_word' id='word_1_51' title='bbox 416 1050 451 1088; x_wconf 89' lang='lat' dir='ltr'>ac</span> <span class='ocrx_word' id='word_1_52' title='bbox 475 1027 661 1088; x_wconf 71' lang='lat' dir='ltr'>tarditatem</span> <span class='ocrx_word' id='word_1_53' title='bbox 685 1029 811 1112; x_wconf 81' lang='lat' dir='ltr'>ingenii</span> <span class='ocrx_word' id='word_1_54' title='bbox 840 1026 1012 1104; x_wconf 83' lang='lat' dir='ltr'>excitaret,</span> <span class='ocrx_word' id='word_1_55' title='bbox 1036 1028 1135 1115; x_wconf 84' lang='lat' dir='ltr'>flagra</span> <span class='ocrx_word' id='word_1_56' title='bbox 1163 1032 1296 1095; x_wconf 86' lang='lat' dir='ltr'>sibimet</span> 
     </span>
     <span class='ocr_line' id='line_1_9' title="bbox 183 1112 1296 1203; baseline 0.002 -29"><span class='ocrx_word' id='word_1_57' title='bbox 183 1123 252 1203; x_wconf 83' lang='lat' dir='ltr'>ipse</span> <span class='ocrx_word' id='word_1_58' title='bbox 270 1115 439 1175; x_wconf 83' lang='lat' dir='ltr'>admovere</span> <span class='ocrx_word' id='word_1_59' title='bbox 461 1134 527 1171; x_wconf 85' lang='lat' dir='ltr'>non</span> <span class='ocrx_word' id='word_1_60' title='bbox 551 1112 729 1190; x_wconf 79' lang='lat' dir='ltr'>dubitavit,</span> <span class='ocrx_word' id='word_1_61' title='bbox 761 1128 843 1176; x_wconf 89' lang='lat' dir='ltr'>teste</span> <span class='ocrx_word' id='word_1_62' title='bbox 864 1115 1028 1177; x_wconf 78' lang='lat' dir='ltr'>Damascio</span> <span class='ocrx_word' id='word_1_63' title='bbox 1052 1114 1140 1197; x_wconf 81' lang='lat' dir='ltr'>apud</span> <span class='ocrx_word' id='word_1_64' title='bbox 1155 1116 1248 1180; x_wconf 81' lang='lat' dir='ltr'>Snirl.</span> <span class='ocrx_word' id='word_1_65' title='bbox 1263 1119 1296 1191; x_wconf 84' lang='lat' dir='ltr'>in</span> 
     </span>
     <span class='ocr_line' id='line_1_10' title="bbox 182 1192 1297 1283; baseline -0.002 -20"><span class='ocrx_word' id='word_1_66' title='bbox 182 1196 409 1280; x_wconf 76' lang='grc' dir='ltr'>Σονπηριανός.</span> <span class='ocrx_word' id='word_1_67' title='bbox 453 1195 638 1256; x_wconf 87' lang='lat' dir='ltr'>Christiani·</span> <span class='ocrx_word' id='word_1_68' title='bbox 657 1211 798 1273; x_wconf 77' lang='lat' dir='ltr'><strong>ascetae,</strong></span> <span class='ocrx_word' id='word_1_69' title='bbox 821 1215 994 1281; x_wconf 81' lang='lat' dir='ltr'><strong>postquam</strong></span> <span class='ocrx_word' id='word_1_70' title='bbox 1009 1192 1166 1261; x_wconf 80' lang='lat' dir='ltr'>vestitum</span> <span class='ocrx_word' id='word_1_71' title='bbox 1183 1200 1297 1283; x_wconf 89' lang='lat' dir='ltr'>philo·</span> 
     </span>
     <span class='ocr_line' id='line_1_11' title="bbox 181 1279 1296 1369; baseline 0.001 -23"><span class='ocrx_word' id='word_1_72' title='bbox 181 1286 356 1369; x_wconf 83' lang='lat' dir='ltr'>sophorum</span> <span class='ocrx_word' id='word_1_73' title='bbox 373 1296 516 1343; x_wconf 80' lang='lat' dir='ltr'>veterum</span> <span class='ocrx_word' id='word_1_74' title='bbox 537 1279 753 1360; x_wconf 65' lang='lat' dir='ltr'>adstiterant,</span> <span class='ocrx_word' id='word_1_75' title='bbox 775 1281 853 1343; x_wconf 88' lang='lat' dir='ltr'>baec</span> <span class='ocrx_word' id='word_1_76' title='bbox 869 1302 1015 1365; x_wconf 87' lang='lat' dir='ltr'>quoqne,</span> <span class='ocrx_word' id='word_1_77' title='bbox 1041 1304 1124 1367; x_wconf 78' lang='lat' dir='ltr'>quan</span> <span class='ocrx_word' id='word_1_78' title='bbox 1136 1282 1296 1347; x_wconf 75' lang='lat' dir='ltr'>Lucienus</span> 
     </span>
     <span class='ocr_line' id='line_1_12' title="bbox 182 1364 1294 1448; baseline -0.005 -13"><span class='ocrx_word' id='word_1_79' title='bbox 182 1371 297 1435; x_wconf 82' lang='lat' dir='ltr'>merito</span> <span class='ocrx_word' id='word_1_80' title='bbox 321 1366 463 1443; x_wconf 85' lang='lat' dir='ltr'>deridet,</span> <span class='ocrx_word' id='word_1_81' title='bbox 492 1380 695 1448; x_wconf 83' lang='lat' dir='ltr'>praepostera</span> <span class='ocrx_word' id='word_1_82' title='bbox 717 1364 904 1428; x_wconf 78' lang='lat' dir='ltr'><strong>formandae</strong></span> <span class='ocrx_word' id='word_1_83' title='bbox 925 1369 1057 1448; x_wconf 84' lang='lat' dir='ltr'>pietatis</span> <span class='ocrx_word' id='word_1_84' title='bbox 1080 1369 1294 1431; x_wconf 86' lang='lat' dir='ltr'>instrumenta</span> 
     </span>
     <span class='ocr_line' id='line_1_13' title="bbox 183 1449 1292 1535; baseline -0.004 -17"><span class='ocrx_word' id='word_1_85' title='bbox 183 1476 250 1518; x_wconf 84' lang='lat' dir='ltr'>uon</span> <span class='ocrx_word' id='word_1_86' title='bbox 273 1465 478 1535; x_wconf 85' lang='lat' dir='ltr'>spreverunt:</span> <span class='ocrx_word' id='word_1_87' title='bbox 513 1472 577 1533; x_wconf 91' lang='lat' dir='ltr'>quo</span> <span class='ocrx_word' id='word_1_88' title='bbox 602 1449 640 1512; x_wconf 89' lang='lat' dir='ltr'>de</span> <span class='ocrx_word' id='word_1_89' title='bbox 657 1472 773 1534; x_wconf 78' lang='lat' dir='ltr'>genere</span> <span class='ocrx_word' id='word_1_90' title='bbox 796 1472 861 1512; x_wconf 87' lang='lat' dir='ltr'>non</span> <span class='ocrx_word' id='word_1_91' title='bbox 878 1472 978 1531; x_wconf 83' lang='lat' dir='ltr'>pauca</span> <span class='ocrx_word' id='word_1_92' title='bbox 1000 1452 1141 1535; x_wconf 84' lang='lat' dir='ltr'>reperies</span> <span class='ocrx_word' id='word_1_93' title='bbox 1156 1453 1194 1513; x_wconf 86' lang='lat' dir='ltr'>in</span> <span class='ocrx_word' id='word_1_94' title='bbox 1211 1453 1292 1514; x_wconf 83' lang='lat' dir='ltr'>Vitis</span> 
     </span>
     <span class='ocr_line' id='line_1_14' title="bbox 181 1524 1293 1612; baseline -0.003 -13"><span class='ocrx_word' id='word_1_95' title='bbox 181 1543 313 1605; x_wconf 77' lang='lat' dir='ltr'>Patrum</span> <span class='ocrx_word' id='word_1_96' title='bbox 327 1553 358 1598; x_wconf 87' lang='lat' dir='ltr'>et</span> <span class='ocrx_word' id='word_1_97' title='bbox 384 1533 520 1597; x_wconf 75' lang='lat' dir='ltr'>Cassiam·</span> <span class='ocrx_word' id='word_1_98' title='bbox 544 1535 820 1602; x_wconf 82' lang='lat' dir='ltr'>institutionibus.</span> <span class='ocrx_word' id='word_1_99' title='bbox 863 1524 973 1596; x_wconf 73' lang='lat' dir='ltr'>Multis</span> <span class='ocrx_word' id='word_1_100' title='bbox 994 1548 1132 1612; x_wconf 84' lang='lat' dir='ltr'>norant,</span> <span class='ocrx_word' id='word_1_101' title='bbox 1157 1535 1217 1599; x_wconf 82' lang='lat' dir='ltr'>sed</span> <span class='ocrx_word' id='word_1_102' title='bbox 1237 1537 1293 1597; x_wconf 86' lang='lat' dir='ltr'>ad-</span> 
     </span>
     <span class='ocr_line' id='line_1_15' title="bbox 142 1618 1289 1702; baseline -0.005 -14"><span class='ocrx_word' id='word_1_103' title='bbox 142 1642 149 1663; x_wconf 91' lang='lat'>¹</span> <span class='ocrx_word' id='word_1_104' title='bbox 182 1623 314 1688; x_wconf 84' lang='lat' dir='ltr'>modum</span> <span class='ocrx_word' id='word_1_105' title='bbox 328 1619 522 1702; x_wconf 73' lang='lat' dir='ltr'>perturbate,</span> <span class='ocrx_word' id='word_1_106' title='bbox 547 1618 670 1682; x_wconf 76' lang='lat' dir='ltr'>Cresoll.</span> <span class='ocrx_word' id='word_1_107' title='bbox 685 1619 746 1680; x_wconf 91' lang='lat' dir='ltr'>Th.</span> <span class='ocrx_word' id='word_1_108' title='bbox 762 1619 859 1685; x_wconf 77' lang='lat' dir='ltr'>aher.</span> <span class='ocrx_word' id='word_1_109' title='bbox 875 1619 914 1685; x_wconf 86' lang='lat' dir='ltr'>V.</span> <span class='ocrx_word' id='word_1_110' title='bbox 930 1641 958 1683; x_wconf 86' lang='lat' dir='ltr'>o.</span> <span class='ocrx_word' id='word_1_111' title='bbox 975 1627 1004 1690; x_wconf 85' lang='lat'>6.</span> <span class='ocrx_word' id='word_1_112' title='bbox 1020 1628 1052 1688; x_wconf 80' lang='grc'>7.</span> <span class='ocrx_word' id='word_1_113' title='bbox 1065 1620 1191 1701; x_wconf 71' lang='grc' dir='ltr'>Βρίἶαν.</span> <span class='ocrx_word' id='word_1_114' title='bbox 1205 1622 1289 1683; x_wconf 70' lang='lat' dir='ltr'>Hirr.</span> 
     </span>
     <span class='ocr_line' id='line_1_16' title="bbox 183 1705 1291 1794; baseline -0.003 -25"><span class='ocrx_word' id='word_1_115' title='bbox 183 1713 273 1794; x_wconf 81' lang='lat' dir='ltr'>Flag.</span> <span class='ocrx_word' id='word_1_116' title='bbox 290 1730 317 1767; x_wconf 91' lang='lat' dir='ltr'>c.</span> <span class='ocrx_word' id='word_1_117' title='bbox 333 1706 391 1766; x_wconf 83' lang='lat' dir='ltr'>lv.</span> <span class='ocrx_word' id='word_1_118' title='bbox 406 1726 436 1786; x_wconf 91' lang='lat' dir='ltr'>p.</span> <span class='ocrx_word' id='word_1_119' title='bbox 454 1713 506 1772; x_wconf 83' lang='grc'>78.</span> <span class='ocrx_word' id='word_1_120' title='bbox 531 1717 666 1786; x_wconf 86' lang='lat' dir='ltr'>quorum</span> <span class='ocrx_word' id='word_1_121' title='bbox 681 1726 799 1766; x_wconf 88' lang='lat' dir='ltr'>errores</span> <span class='ocrx_word' id='word_1_122' title='bbox 810 1773 813 1777; x_wconf 50' lang='grc'><em>,</em></span> <span class='ocrx_word' id='word_1_123' title='bbox 826 1705 975 1788; x_wconf 85' lang='lat' dir='ltr'>perse&#39;qai</span> <span class='ocrx_word' id='word_1_124' title='bbox 989 1709 1186 1787; x_wconf 73' lang='lat' dir='ltr'>non-juvati</span> <span class='ocrx_word' id='word_1_125' title='bbox 1198 1714 1291 1768; x_wconf 83' lang='lat' dir='ltr'>&#39;neu-</span> 
     </span>
     <span class='ocr_line' id='line_1_17' title="bbox 93 1782 1289 1870; baseline 0.003 -23"><span class='ocrx_word' id='word_1_126' title='bbox 93 1840 96 1847; x_wconf 79' lang='grc'>,</span> <span class='ocrx_word' id='word_1_127' title='bbox 183 1811 233 1857; x_wconf 85' lang='lat' dir='ltr'>ter</span> <span class='ocrx_word' id='word_1_128' title='bbox 255 1793 341 1853; x_wconf 88' lang='lat' dir='ltr'>bunc</span> <span class='ocrx_word' id='word_1_129' title='bbox 366 1791 470 1870; x_wconf 89' lang='lat' dir='ltr'>ipsum</span> <span class='ocrx_word' id='word_1_130' title='bbox 494 1789 623 1867; x_wconf 75' lang='lat' dir='ltr'>erciani</span> <span class='ocrx_word' id='word_1_131' title='bbox 641 1791 746 1848; x_wconf 86' lang='lat' dir='ltr'>locum</span> <span class='ocrx_word' id='word_1_132' title='bbox 759 1789 982 1869; x_wconf 80' lang='lat' dir='ltr'>praetermisit.</span> <span class='ocrx_word' id='word_1_133' title='bbox 1006 1782 1148 1851; x_wconf 69' lang='lat' dir='ltr'>Hnnrsr.=</span> <span class='ocrx_word' id='word_1_134' title='bbox 1197 1796 1289 1857; x_wconf 64' lang='lat' dir='ltr'>ibice</span> 
     </span>
     <span class='ocr_line' id='line_1_18' title="bbox 183 1872 1289 1964; baseline 0.004 -27"><span class='ocrx_word' id='word_1_135' title='bbox 183 1882 237 1964; x_wconf 74' lang='grc' dir='ltr'>μὲν</span> <span class='ocrx_word' id='word_1_136' title='bbox 258 1894 300 1926; x_wconf 63' lang='lat'>2-</span> <span class='ocrx_word' id='word_1_137' title='bbox 323 1872 408 1939; x_wconf 71' lang='lat' dir='ltr'>dllor</span> <span class='ocrx_word' id='word_1_138' title='bbox 422 1874 453 1938; x_wconf 75' lang='grc' dir='ltr'>δὲ</span> <span class='ocrx_word' id='word_1_139' title='bbox 468 1886 515 1934; x_wconf 88' lang='lat' dir='ltr'>est</span> <span class='ocrx_word' id='word_1_140' title='bbox 535 1873 692 1933; x_wconf 78' lang='lat' dir='ltr'>formulae</span> <span class='ocrx_word' id='word_1_141' title='bbox 714 1874 901 1934; x_wconf 74' lang='lat' dir='ltr'>notissimae</span> <span class='ocrx_word' id='word_1_142' title='bbox 915 1882 1004 1939; x_wconf 78' lang='lat' dir='ltr'>corito</span> <span class='ocrx_word' id='word_1_143' title='bbox 1016 1876 1075 1954; x_wconf 75' lang='grc' dir='ltr'>μὲν</span> <span class='ocrx_word' id='word_1_144' title='bbox 1090 1908 1135 1921; x_wconf 90' lang='grc'>-</span> <span class='ocrx_word' id='word_1_145' title='bbox 1148 1883 1249 1941; x_wconf 69' lang='grc' dir='ltr'><strong><em>’τοῦτο</em></strong></span> <span class='ocrx_word' id='word_1_146' title='bbox 1260 1876 1289 1941; x_wconf 79' lang='lat' dir='ltr'>&lt;li</span> 
     </span>
     <span class='ocr_line' id='line_1_19' title="bbox 183 1955 1288 2044; baseline -0.005 -15"><span class='ocrx_word' id='word_1_147' title='bbox 183 1961 343 2039; x_wconf 81' lang='lat' dir='ltr'>variatio,</span> <span class='ocrx_word' id='word_1_148' title='bbox 364 1956 548 2019; x_wconf 80' lang='lat' dir='ltr'>facile-tum</span> <span class='ocrx_word' id='word_1_149' title='bbox 570 1955 718 2036; x_wconf 85' lang='lat' dir='ltr'>feranda,</span> <span class='ocrx_word' id='word_1_150' title='bbox 741 1971 809 2017; x_wconf 86' lang='lat' dir='ltr'>tum</span> <span class='ocrx_word' id='word_1_151' title='bbox 831 1956 1051 2039; x_wconf 76' lang='lat' dir='ltr'>expedienda3</span> <span class='ocrx_word' id='word_1_152' title='bbox 1076 1978 1174 2043; x_wconf 83' lang='lat' dir='ltr'>quam</span> <span class='ocrx_word' id='word_1_153' title='bbox 1192 1958 1288 2044; x_wconf 69' lang='lat' dir='ltr'>paene</span> 
     </span>
     <span class='ocr_line' id='line_1_20' title="bbox 183 2040 1288 2130; baseline -0.002 -22"><span class='ocrx_word' id='word_1_154' title='bbox 183 2051 284 2111; x_wconf 87' lang='lat' dir='ltr'>miror</span> <span class='ocrx_word' id='word_1_155' title='bbox 299 2060 403 2106; x_wconf 87' lang='lat' dir='ltr'>tantas</span> <span class='ocrx_word' id='word_1_156' title='bbox 419 2057 451 2104; x_wconf 90' lang='lat' dir='ltr'>et</span> <span class='ocrx_word' id='word_1_157' title='bbox 467 2040 681 2119; x_wconf 79' lang='lat' dir='ltr'>offensiones,</span> <span class='ocrx_word' id='word_1_158' title='bbox 696 2057 727 2103; x_wconf 88' lang='lat' dir='ltr'>et</span> <span class='ocrx_word' id='word_1_159' title='bbox 745 2042 870 2118; x_wconf 85' lang='lat' dir='ltr'>turbas,</span> <span class='ocrx_word' id='word_1_160' title='bbox 895 2042 1041 2106; x_wconf 84' lang='lat' dir='ltr'>movisse.</span> <span class='ocrx_word' id='word_1_161' title='bbox 1066 2045 1108 2104; x_wconf 89' lang='lat' dir='ltr'>In</span> <span class='ocrx_word' id='word_1_162' title='bbox 1122 2044 1198 2107; x_wconf 80' lang='lat' dir='ltr'>cod.</span> <span class='ocrx_word' id='word_1_163' title='bbox 1211 2046 1288 2130; x_wconf 80' lang='lat' dir='ltr'>Aug.</span> 
     </span>
     <span class='ocr_line' id='line_1_21' title="bbox 182 2123 1285 2217; baseline 0.005 -27"><span class='ocrx_word' id='word_1_164' title='bbox 182 2135 303 2217; x_wconf 79' lang='lat' dir='ltr'>legitur</span> <span class='ocrx_word' id='word_1_165' title='bbox 327 2137 413 2194; x_wconf 77' lang='grc' dir='ltr'><strong>τοῦτο</strong></span> <span class='ocrx_word' id='word_1_166' title='bbox 431 2127 488 2212; x_wconf 70' lang='grc' dir='ltr'>μὲν</span> <span class='ocrx_word' id='word_1_167' title='bbox 509 2123 546 2191; x_wconf 81' lang='lat' dir='ltr'>ori</span> <span class='ocrx_word' id='word_1_168' title='bbox 568 2132 649 2192; x_wconf 82' lang='grc' dir='ltr'><em>δεῖν·</em></span> <span class='ocrx_word' id='word_1_169' title='bbox 672 2128 706 2186; x_wconf 87' lang='lat' dir='ltr'>in</span> <span class='ocrx_word' id='word_1_170' title='bbox 735 2128 807 2190; x_wconf 82' lang='lat' dir='ltr'>Par.</span> <span class='ocrx_word' id='word_1_171' title='bbox 832 2132 924 2197; x_wconf 81' lang='lat'><strong>2954.</strong></span> <span class='ocrx_word' id='word_1_172' title='bbox 947 2137 1036 2195; x_wconf 76' lang='lat' dir='ltr'>rorico</span> <span class='ocrx_word' id='word_1_173' title='bbox 1056 2128 1112 2211; x_wconf 79' lang='grc' dir='ltr'>μὲν</span> <span class='ocrx_word' id='word_1_174' title='bbox 1135 2124 1196 2209; x_wconf 73' lang='lat' dir='ltr'>oda</span> <span class='ocrx_word' id='word_1_175' title='bbox 1211 2134 1285 2211; x_wconf 77' lang='grc' dir='ltr'><em>δεῖν,</em></span> 
     </span>
     <span class='ocr_line' id='line_1_22' title="bbox 180 2208 1288 2301; baseline -0.001 -25"><span class='ocrx_word' id='word_1_176' title='bbox 180 2216 273 2300; x_wconf 88' lang='lat' dir='ltr'>quod</span> <span class='ocrx_word' id='word_1_177' title='bbox 287 2212 411 2277; x_wconf 77' lang='lat' dir='ltr'>Belinus</span> <span class='ocrx_word' id='word_1_178' title='bbox 425 2212 591 2295; x_wconf 89' lang='lat' dir='ltr'>probavit,</span> <span class='ocrx_word' id='word_1_179' title='bbox 616 2211 804 2296; x_wconf 81' lang='lat' dir='ltr'>quamquam</span> <span class='ocrx_word' id='word_1_180' title='bbox 817 2213 991 2273; x_wconf 80' lang='lat' dir='ltr'>manifesto</span> <span class='ocrx_word' id='word_1_181' title='bbox 1006 2208 1196 2277; x_wconf 83' lang='lat' dir='ltr'>&#39;emendatio</span> <span class='ocrx_word' id='word_1_182' title='bbox 1209 2236 1288 2301; x_wconf 85' lang='lat' dir='ltr'>qna·</span> 
     </span>
     <span class='ocr_line' id='line_1_23' title="bbox 128 2292 1286 2384; baseline -0.003 -21"><span class='ocrx_word' id='word_1_183' title='bbox 128 2318 142 2335; x_wconf 61' lang='lat'>⁸</span> <span class='ocrx_word' id='word_1_184' title='bbox 182 2303 354 2384; x_wconf 82' lang='lat' dir='ltr'>iiscunque</span> <span class='ocrx_word' id='word_1_185' title='bbox 373 2312 420 2359; x_wconf 92' lang='lat' dir='ltr'>est</span> <span class='ocrx_word' id='word_1_186' title='bbox 437 2297 577 2358; x_wconf 85' lang='lat' dir='ltr'>vitiosae</span> <span class='ocrx_word' id='word_1_187' title='bbox 593 2297 684 2358; x_wconf 83' lang='lat' dir='ltr'>vocis</span> <span class='ocrx_word' id='word_1_188' title='bbox 699 2293 748 2362; x_wconf 81' lang='lat' dir='ltr'>ori.</span> <span class='ocrx_word' id='word_1_189' title='bbox 792 2299 861 2360; x_wconf 91' lang='lat' dir='ltr'>Jam</span> <span class='ocrx_word' id='word_1_190' title='bbox 885 2296 973 2380; x_wconf 89' lang='lat' dir='ltr'>qnod</span> <span class='ocrx_word' id='word_1_191' title='bbox 990 2297 1029 2358; x_wconf 88' lang='lat' dir='ltr'>ad</span> <span class='ocrx_word' id='word_1_192' title='bbox 1039 2292 1222 2362; x_wconf 84' lang='lat' dir='ltr'>tentaina</span> <span class='ocrx_word' id='word_1_193' title='bbox 1236 2298 1286 2363; x_wconf 84' lang='lat' dir='ltr'>vi·</span> 
     </span>
     <span class='ocr_line' id='line_1_24' title="bbox 181 2380 1284 2469; baseline -0.003 -23"><span class='ocrx_word' id='word_1_194' title='bbox 181 2406 292 2446; x_wconf 84' lang='lat' dir='ltr'>rorum</span> <span class='ocrx_word' id='word_1_195' title='bbox 314 2384 495 2442; x_wconf 81' lang='lat' dir='ltr'><strong>Doctorum</strong></span> <span class='ocrx_word' id='word_1_196' title='bbox 517 2380 651 2456; x_wconf 82' lang='lat' dir='ltr'>attinet,</span> <span class='ocrx_word' id='word_1_197' title='bbox 682 2381 825 2442; x_wconf 77' lang='lat' dir='ltr'>sialiter</span> <span class='ocrx_word' id='word_1_198' title='bbox 850 2389 939 2447; x_wconf 79' lang='lat' dir='ltr'>corito</span> <span class='ocrx_word' id='word_1_199' title='bbox 964 2383 1037 2465; x_wconf 87' lang='lat' dir='ltr'>oapi</span> <span class='ocrx_word' id='word_1_200' title='bbox 1069 2404 1138 2443; x_wconf 86' lang='lat' dir='ltr'>nou</span> <span class='ocrx_word' id='word_1_201' title='bbox 1160 2388 1284 2469; x_wconf 66' lang='lat' dir='ltr'>postet,</span> 
     </span>
     <span class='ocr_line' id='line_1_25' title="bbox 180 2462 1284 2552; baseline 0.002 -26"><span class='ocrx_word' id='word_1_202' title='bbox 180 2489 276 2552; x_wconf 89' lang='lat' dir='ltr'>quam</span> <span class='ocrx_word' id='word_1_203' title='bbox 303 2462 353 2530; x_wconf 77' lang='lat' dir='ltr'>dari</span> <span class='ocrx_word' id='word_1_204' title='bbox 372 2472 481 2548; x_wconf 76' lang='lat' dir='ltr'>rorico,</span> <span class='ocrx_word' id='word_1_205' title='bbox 510 2463 786 2544; x_wconf 82' lang='lat' dir='ltr'>probabilissimac</span> <span class='ocrx_word' id='word_1_206' title='bbox 808 2466 925 2548; x_wconf 88' lang='lat' dir='ltr'>cuique</span> <span class='ocrx_word' id='word_1_207' title='bbox 938 2472 1151 2550; x_wconf 78' lang='lat' dir='ltr'>conjecturae</span> <span class='ocrx_word' id='word_1_208' title='bbox 1176 2469 1284 2531; x_wconf 79' lang='lat' dir='ltr'>lubeas</span> 
     </span>
     <span class='ocr_line' id='line_1_26' title="bbox 179 2547 1315 2633; baseline -0.004 -20"><span class='ocrx_word' id='word_1_209' title='bbox 179 2549 425 2623; x_wconf 78' lang='lat' dir='ltr'>subscriberem,</span> <span class='ocrx_word' id='word_1_210' title='bbox 449 2569 546 2630; x_wconf 92' lang='lat' dir='ltr'>quum</span> <span class='ocrx_word' id='word_1_211' title='bbox 562 2547 608 2607; x_wconf 92' lang='lat' dir='ltr'>sic</span> <span class='ocrx_word' id='word_1_212' title='bbox 625 2548 730 2609; x_wconf 88' lang='lat' dir='ltr'>oratio</span> <span class='ocrx_word' id='word_1_213' title='bbox 752 2568 826 2610; x_wconf 86' lang='lat' dir='ltr'>sane</span> <span class='ocrx_word' id='word_1_214' title='bbox 843 2553 1021 2630; x_wconf 82' lang='lat' dir='ltr'>paullulum</span> <span class='ocrx_word' id='word_1_215' title='bbox 1036 2551 1228 2633; x_wconf 82' lang='lat' dir='ltr'>impeditior</span> <span class='ocrx_word' id='word_1_216' title='bbox 1240 2553 1285 2612; x_wconf 82' lang='lat' dir='ltr'>fo·</span> <span class='ocrx_word' id='word_1_217' title='bbox 1309 2596 1315 2609; x_wconf 82' lang='grc'><em>,</em></span> 
     </span>
     <span class='ocr_line' id='line_1_27' title="bbox 180 2629 1286 2719; baseline 0.002 -23"><span class='ocrx_word' id='word_1_218' title='bbox 180 2651 231 2696; x_wconf 82' lang='lat' dir='ltr'>ret</span> <span class='ocrx_word' id='word_1_219' title='bbox 246 2648 278 2696; x_wconf 88' lang='lat' dir='ltr'>et</span> <span class='ocrx_word' id='word_1_220' title='bbox 290 2632 549 2694; x_wconf 80' lang='lat' dir='ltr'>inconcinnitate</span> <span class='ocrx_word' id='word_1_221' title='bbox 562 2629 697 2713; x_wconf 84' lang='lat' dir='ltr'>quadarn</span> <span class='ocrx_word' id='word_1_222' title='bbox 712 2630 877 2699; x_wconf 84' lang='lat' dir='ltr'>laboraret.</span> <span class='ocrx_word' id='word_1_223' title='bbox 911 2634 1012 2719; x_wconf 86' lang='lat' dir='ltr'>Atqui</span> <span class='ocrx_word' id='word_1_224' title='bbox 1026 2636 1286 2703; x_wconf 64' lang='lat' dir='ltr'>necttmrntc</span> 
     </span>
     <span class='ocr_line' id='line_1_28' title="bbox 180 2708 1285 2804; baseline -0.003 -24"><span class='ocrx_word' id='word_1_225' title='bbox 180 2723 221 2784; x_wconf 76' lang='lat' dir='ltr'>cii</span> <span class='ocrx_word' id='word_1_226' title='bbox 235 2719 317 2780; x_wconf 83' lang='lat' dir='ltr'>ratio</span> <span class='ocrx_word' id='word_1_227' title='bbox 335 2708 505 2779; x_wconf 72' lang='lat' dir='ltr'>admodum</span> <span class='ocrx_word' id='word_1_228' title='bbox 520 2712 697 2798; x_wconf 82' lang='lat' dir='ltr'>probabilis</span> <span class='ocrx_word' id='word_1_229' title='bbox 711 2730 777 2795; x_wconf 89' lang='lat' dir='ltr'>est,</span> <span class='ocrx_word' id='word_1_230' title='bbox 800 2740 864 2798; x_wconf 81' lang='lat' dir='ltr'>pro·</span> <span class='ocrx_word' id='word_1_231' title='bbox 871 2727 961 2785; x_wconf 75' lang='grc' dir='ltr'><strong>τοῦτο</strong></span> <span class='ocrx_word' id='word_1_232' title='bbox 976 2721 1029 2802; x_wconf 79' lang='grc' dir='ltr'>μὲν</span> <span class='ocrx_word' id='word_1_233' title='bbox 1043 2720 1217 2804; x_wconf 78' lang='lat' dir='ltr'>legendum</span> <span class='ocrx_word' id='word_1_234' title='bbox 1252 2746 1285 2784; x_wconf 75' lang='lat' dir='ltr'>u.</span> 
     </span>
     <span class='ocr_line' id='line_1_29' title="bbox 134 2793 1286 2886; baseline 0.003 -21"><span class='ocrx_word' id='word_1_235' title='bbox 134 2821 137 2825; x_wconf 87' lang='grc'><strong><em>·</em></strong></span> <span class='ocrx_word' id='word_1_236' title='bbox 181 2805 286 2865; x_wconf 80' lang='lat' dir='ltr'>tantis</span> <span class='ocrx_word' id='word_1_237' title='bbox 313 2793 400 2869; x_wconf 72' lang='lat' dir='ltr'>orirer</span> <span class='ocrx_word' id='word_1_238' title='bbox 420 2805 491 2883; x_wconf 71' lang='lat' dir='ltr'>pir,</span> <span class='ocrx_word' id='word_1_239' title='bbox 518 2800 675 2883; x_wconf 88' lang='lat' dir='ltr'>qnoniam</span> <span class='ocrx_word' id='word_1_240' title='bbox 699 2801 945 2886; x_wconf 83' lang='lat' dir='ltr'>sicdispliceat</span> <span class='ocrx_word' id='word_1_241' title='bbox 971 2826 1039 2865; x_wconf 88' lang='lat' dir='ltr'>non</span> <span class='ocrx_word' id='word_1_242' title='bbox 1062 2814 1177 2886; x_wconf 72' lang='lat' dir='ltr'>parnt·</span> <span class='ocrx_word' id='word_1_243' title='bbox 1203 2834 1286 2875; x_wconf 75' lang='grc' dir='ltr'><strong>ουτοι</strong></span> 
     </span>
     <span class='ocr_line' id='line_1_30' title="bbox 182 2885 1284 2973; baseline 0.006 -25"><span class='ocrx_word' id='word_1_244' title='bbox 182 2889 238 2972; x_wconf 71' lang='grc' dir='ltr'>μὲν</span> <span class='ocrx_word' id='word_1_245' title='bbox 252 2902 284 2948; x_wconf 86' lang='lat' dir='ltr'>et</span> <span class='ocrx_word' id='word_1_246' title='bbox 297 2893 329 2953; x_wconf 82' lang='lat' dir='ltr'>ol</span> <span class='ocrx_word' id='word_1_247' title='bbox 341 2890 447 2966; x_wconf 62' lang='grc' dir='ltr'><strong>πολλοὶ</strong></span> <span class='ocrx_word' id='word_1_248' title='bbox 459 2887 494 2946; x_wconf 85' lang='lat' dir='ltr'>in</span> <span class='ocrx_word' id='word_1_249' title='bbox 509 2885 618 2948; x_wconf 86' lang='lat' dir='ltr'>eadem</span> <span class='ocrx_word' id='word_1_250' title='bbox 641 2887 878 2952; x_wconf 84' lang='lat' dir='ltr'>enuntiatione.</span> <span class='ocrx_word' id='word_1_251' title='bbox 923 2889 993 2950; x_wconf 89' lang='lat' dir='ltr'>Nec</span> <span class='ocrx_word' id='word_1_252' title='bbox 1007 2888 1208 2972; x_wconf 73' lang='lat' dir='ltr'>probabilius</span> <span class='ocrx_word' id='word_1_253' title='bbox 1220 2908 1284 2973; x_wconf 78' lang='lat' dir='ltr'>cst,</span> 
     </span>
     <span class='ocr_line' id='line_1_31' title="bbox 182 2969 1285 3061; baseline -0.003 -26"><span class='ocrx_word' id='word_1_254' title='bbox 182 2972 273 3061; x_wconf 59' lang='lat' dir='ltr'>qaod</span> <span class='ocrx_word' id='word_1_255' title='bbox 289 2971 446 3034; x_wconf 76' lang='lat' dir='ltr'>Jacobsiuc</span> <span class='ocrx_word' id='word_1_256' title='bbox 467 2975 539 3031; x_wconf 86' lang='lat' dir='ltr'>vult</span> <span class='ocrx_word' id='word_1_257' title='bbox 557 2971 594 3030; x_wconf 86' lang='lat' dir='ltr'>in</span> <span class='ocrx_word' id='word_1_258' title='bbox 611 2969 802 3037; x_wconf 82' lang='lat' dir='ltr'>Animadvv.</span> <span class='ocrx_word' id='word_1_259' title='bbox 823 2972 865 3034; x_wconf 88' lang='lat' dir='ltr'>ad</span> <span class='ocrx_word' id='word_1_260' title='bbox 880 2973 1006 3058; x_wconf 50' lang='lat' dir='ltr'>Eurips</span> <span class='ocrx_word' id='word_1_261' title='bbox 1021 2996 1054 3056; x_wconf 83' lang='lat' dir='ltr'>p.</span> <span class='ocrx_word' id='word_1_262' title='bbox 1070 2983 1104 3043; x_wconf 78' lang='lat'>3.</span> <span class='ocrx_word' id='word_1_263' title='bbox 1122 2991 1157 3039; x_wconf 77' lang='lat' dir='ltr'>et</span> <span class='ocrx_word' id='word_1_264' title='bbox 1172 2977 1285 3051; x_wconf 62' lang='lat' dir='ltr'>iepram</span> 
     </span>
     <span class='ocr_line' id='line_1_32' title="bbox 129 3048 1286 3138; baseline 0.008 -21"><span class='ocrx_word' id='word_1_265' title='bbox 129 3112 131 3117; x_wconf 81' lang='grc'>,</span> <span class='ocrx_word' id='word_1_266' title='bbox 182 3059 218 3118; x_wconf 87' lang='lat' dir='ltr'>in</span> <span class='ocrx_word' id='word_1_267' title='bbox 231 3058 358 3120; x_wconf 79' lang='lat' dir='ltr'>Perconi</span> <span class='ocrx_word' id='word_1_268' title='bbox 374 3048 520 3134; x_wconf 63' lang='lat' dir='ltr'>A&#39;drerss.</span> <span class='ocrx_word' id='word_1_269' title='bbox 542 3051 610 3120; x_wconf 84' lang='grc' dir='ltr'>τότε</span> <span class='ocrx_word' id='word_1_270' title='bbox 630 3056 684 3138; x_wconf 66' lang='grc' dir='ltr'>μὲν</span> <span class='ocrx_word' id='word_1_271' title='bbox 706 3090 744 3102; x_wconf 82' lang='grc'>-</span> <span class='ocrx_word' id='word_1_272' title='bbox 768 3054 871 3124; x_wconf 68' lang='lat' dir='ltr'>datore</span> <span class='ocrx_word' id='word_1_273' title='bbox 890 3061 931 3124; x_wconf 77' lang='grc' dir='ltr'>δέ.</span> <span class='ocrx_word' id='word_1_274' title='bbox 976 3059 1061 3127; x_wconf 81' lang='lat' dir='ltr'>Nam</span> <span class='ocrx_word' id='word_1_275' title='bbox 1079 3078 1149 3122; x_wconf 80' lang='lat' dir='ltr'>non</span> <span class='ocrx_word' id='word_1_276' title='bbox 1170 3058 1286 3125; x_wconf 79' lang='lat' dir='ltr'>distin·</span> 
     </span>
     <span class='ocr_line' id='line_1_33' title="bbox 180 3140 1283 3229; baseline 0.008 -28"><span class='ocrx_word' id='word_1_277' title='bbox 180 3158 326 3228; x_wconf 79' lang='lat' dir='ltr'>guantur</span> <span class='ocrx_word' id='word_1_278' title='bbox 342 3143 374 3204; x_wconf 90' lang='lat' dir='ltr'>h.</span> <span class='ocrx_word' id='word_1_279' title='bbox 384 3146 406 3205; x_wconf 91' lang='lat' dir='ltr'>l.</span> <span class='ocrx_word' id='word_1_280' title='bbox 417 3140 506 3202; x_wconf 84' lang='lat' dir='ltr'>varia</span> <span class='ocrx_word' id='word_1_281' title='bbox 519 3155 671 3223; x_wconf 85' lang='lat' dir='ltr'>tempora,</span> <span class='ocrx_word' id='word_1_282' title='bbox 680 3141 797 3225; x_wconf 82' lang='lat' dir='ltr'>quibus</span> <span class='ocrx_word' id='word_1_283' title='bbox 812 3145 899 3204; x_wconf 86' lang='lat' dir='ltr'>varia</span> <span class='ocrx_word' id='word_1_284' title='bbox 916 3157 1153 3212; x_wconf 85' lang='lat' dir='ltr'>tormentorum</span> <span class='ocrx_word' id='word_1_285' title='bbox 1168 3158 1283 3229; x_wconf 62' lang='lat' dir='ltr'>genera</span> 
     </span>
     <span class='ocr_line' id='line_1_34' title="bbox 181 3222 1284 3310; baseline 0.005 -22"><span class='ocrx_word' id='word_1_286' title='bbox 181 3227 415 3302; x_wconf 85' lang='lat' dir='ltr'>adhibeantur,</span> <span class='ocrx_word' id='word_1_287' title='bbox 445 3222 500 3295; x_wconf 80' lang='lat' dir='ltr'>sad</span> <span class='ocrx_word' id='word_1_288' title='bbox 530 3224 638 3286; x_wconf 83' lang='lat' dir='ltr'>variae</span> <span class='ocrx_word' id='word_1_289' title='bbox 660 3226 929 3310; x_wconf 87' lang='lat' dir='ltr'>pbilosophorum</span> <span class='ocrx_word' id='word_1_290' title='bbox 953 3227 1119 3305; x_wconf 74' lang='lat' dir='ltr'>familiae,</span> <span class='ocrx_word' id='word_1_291' title='bbox 1256 3254 1284 3293; x_wconf 84' lang='lat' dir='ltr'>ar</span> 
     </span>
     <span class='ocr_line' id='line_1_35' title="bbox 106 3250 1285 3396; baseline 0 -21"><span class='ocrx_word' id='word_1_292' title='bbox 106 3358 111 3375; x_wconf 88' lang='lat'><em>.</em></span> <span class='ocrx_word' id='word_1_293' title='bbox 180 3326 354 3373; x_wconf 83' lang='lat' dir='ltr'>sectatores</span> <span class='ocrx_word' id='word_1_294' title='bbox 383 3309 488 3373; x_wconf 78' lang='lat' dir='ltr'>variis.</span> <span class='ocrx_word' id='word_1_295' title='bbox 508 3308 677 3371; x_wconf 84' lang='lat' dir='ltr'>doctorum</span> <span class='ocrx_word' id='word_1_296' title='bbox 705 3311 864 3372; x_wconf 86' lang='lat' dir='ltr'>institutis</span> <span class='ocrx_word' id='word_1_297' title='bbox 894 3311 1119 3396; x_wconf 73' lang='lat' dir='ltr'>peculiaribus</span> <span class='ocrx_word' id='word_1_298' title='bbox 1146 3250 1285 3379; x_wconf 56' lang='lat' dir='ltr'>mii</span> 
     </span>
     <span class='ocr_line' id='line_1_36' title="bbox 179 3393 1284 3486; baseline 0.006 -30"><span class='ocrx_word' id='word_1_299' title='bbox 179 3397 258 3457; x_wconf 87' lang='lat' dir='ltr'>sint.</span> <span class='ocrx_word' id='word_1_300' title='bbox 302 3395 414 3473; x_wconf 85' lang='lat' dir='ltr'>Unde,</span> <span class='ocrx_word' id='word_1_301' title='bbox 439 3393 600 3476; x_wconf 82' lang='lat' dir='ltr'>siqnidem</span> <span class='ocrx_word' id='word_1_302' title='bbox 621 3395 845 3479; x_wconf 78' lang='lat' dir='ltr'>corrigendum</span> <span class='ocrx_word' id='word_1_303' title='bbox 866 3413 964 3476; x_wconf 86' lang='lat' dir='ltr'>esset,</span> <span class='ocrx_word' id='word_1_304' title='bbox 987 3399 1113 3465; x_wconf 83' lang='lat' dir='ltr'>mallem</span> <span class='ocrx_word' id='word_1_305' title='bbox 1134 3400 1284 3486; x_wconf 74' lang='lat' dir='ltr'>equidem</span> 
     </span>
     <span class='ocr_line' id='line_1_37' title="bbox 178 3474 1285 3566; baseline 0.001 -21"><span class='ocrx_word' id='word_1_306' title='bbox 178 3474 353 3562; x_wconf 65' lang='lat' dir='ltr'>zudenruit</span> <span class='ocrx_word' id='word_1_307' title='bbox 368 3514 412 3529; x_wconf 89' lang='lat'>·-</span> <span class='ocrx_word' id='word_1_308' title='bbox 426 3475 509 3544; x_wconf 76' lang='lat' dir='ltr'>iiiior</span> <span class='ocrx_word' id='word_1_309' title='bbox 526 3481 566 3544; x_wconf 79' lang='grc' dir='ltr'>δέ.</span> <span class='ocrx_word' id='word_1_310' title='bbox 610 3478 656 3538; x_wconf 86' lang='lat' dir='ltr'>At</span> <span class='ocrx_word' id='word_1_311' title='bbox 671 3479 803 3541; x_wconf 89' lang='lat' dir='ltr'>minime</span> <span class='ocrx_word' id='word_1_312' title='bbox 818 3480 1053 3566; x_wconf 84' lang='lat' dir='ltr'>corrigendum.</span> <span class='ocrx_word' id='word_1_313' title='bbox 1096 3480 1285 3555; x_wconf 76' lang='lat' dir='ltr'>Ettmanca</span> 
     </span>
     <span class='ocr_line' id='line_1_38' title="bbox 89 3562 1283 3654; baseline 0.006 -29"><span class='ocrx_word' id='word_1_314' title='bbox 89 3592 97 3608; x_wconf 57' lang='grc' dir='ltr'><em>ν</em></span> <span class='ocrx_word' id='word_1_315' title='bbox 140 3637 145 3651; x_wconf 45' lang='grc' dir='ltr'><strong><em>Ι</em></strong></span> <span class='ocrx_word' id='word_1_316' title='bbox 180 3565 368 3643; x_wconf 87' lang='lat' dir='ltr'>antithesis,</span> <span class='ocrx_word' id='word_1_317' title='bbox 388 3563 626 3648; x_wconf 79' lang='lat' dir='ltr'>cnjus¹gcneris</span> <span class='ocrx_word' id='word_1_318' title='bbox 640 3567 739 3623; x_wconf 88' lang='lat' dir='ltr'>multa</span> <span class='ocrx_word' id='word_1_319' title='bbox 753 3581 828 3626; x_wconf 88' lang='lat' dir='ltr'>sunt</span> <span class='ocrx_word' id='word_1_320' title='bbox 843 3566 928 3647; x_wconf 84' lang='lat' dir='ltr'>apud</span> <span class='ocrx_word' id='word_1_321' title='bbox 946 3588 1001 3628; x_wconf 85' lang='lat' dir='ltr'>eos</span> <span class='ocrx_word' id='word_1_322' title='bbox 1015 3562 1209 3648; x_wconf 72' lang='lat' dir='ltr'>scriptam,</span> <span class='ocrx_word' id='word_1_323' title='bbox 1230 3570 1283 3654; x_wconf 73' lang='lat' dir='ltr'>qui</span> 
     </span>
     <span class='ocr_line' id='line_1_39' title="bbox 107 3649 1281 3737; baseline 0.006 -28"><span class='ocrx_word' id='word_1_324' title='bbox 107 3656 112 3665; x_wconf 77' lang='grc'><em>“</em></span> <span class='ocrx_word' id='word_1_325' title='bbox 163 3649 369 3710; x_wconf 78' lang='lat' dir='ltr'>&#39;familiarem</span> <span class='ocrx_word' id='word_1_326' title='bbox 393 3670 581 3730; x_wconf 83' lang='lat' dir='ltr'>sermonem·</span> <span class='ocrx_word' id='word_1_327' title='bbox 593 3668 668 3729; x_wconf 90' lang='lat' dir='ltr'>prae</span> <span class='ocrx_word' id='word_1_328' title='bbox 690 3669 724 3709; x_wconf 87' lang='lat' dir='ltr'>se</span> <span class='ocrx_word' id='word_1_329' title='bbox 747 3649 1056 3733; x_wconf 62' lang='lat' dir='ltr'>feruat,&#39;exern&#39;pla,</span> <span class='ocrx_word' id='word_1_330' title='bbox 1080 3666 1178 3737; x_wconf 73' lang='lat' dir='ltr'>qnam</span> <span class='ocrx_word' id='word_1_331' title='bbox 1197 3654 1281 3716; x_wconf 84' lang='lat' dir='ltr'>hunc</span> 
     </span>
     <span class='ocr_line' id='line_1_40' title="bbox 180 3728 1279 3816; baseline 0.001 -24"><span class='ocrx_word' id='word_1_332' title='bbox 180 3732 217 3792; x_wconf 87' lang='lat' dir='ltr'>in</span> <span class='ocrx_word' id='word_1_333' title='bbox 231 3733 376 3812; x_wconf 83' lang='lat' dir='ltr'>modum,</span> <span class='ocrx_word' id='word_1_334' title='bbox 400 3737 428 3794; x_wconf 83' lang='lat' dir='ltr'>si</span> <span class='ocrx_word' id='word_1_335' title='bbox 444 3733 643 3809; x_wconf 82' lang='lat' dir='ltr'>accessesit,</span> <span class='ocrx_word' id='word_1_336' title='bbox 664 3753 706 3793; x_wconf 86' lang='lat' dir='ltr'>ex</span> <span class='ocrx_word' id='word_1_337' title='bbox 719 3750 824 3795; x_wconf 86' lang='lat' dir='ltr'>mente</span> <span class='ocrx_word' id='word_1_338' title='bbox 838 3735 969 3799; x_wconf 75' lang='lat' dir='ltr'>ercr‘cm&#39;</span> <span class='ocrx_word' id='word_1_339' title='bbox 983 3728 1178 3816; x_wconf 66' lang='lat' dir='ltr'>complebis}</span> <span class='ocrx_word' id='word_1_340' title='bbox 1201 3747 1279 3804; x_wconf 66' lang='grc' dir='ltr'>τοῦ.</span> 
     </span>
     <span class='ocr_line' id='line_1_41' title="bbox 116 3816 1279 3903; baseline 0.001 -21"><span class='ocrx_word' id='word_1_341' title='bbox 116 3881 120 3890; x_wconf 84' lang='grc'><strong>,</strong></span> <span class='ocrx_word' id='word_1_342' title='bbox 177 3844 221 3884; x_wconf 77' lang='grc' dir='ltr'>το</span> <span class='ocrx_word' id='word_1_343' title='bbox 243 3816 328 3900; x_wconf 67' lang='lat' dir='ltr'>pia,</span> <span class='ocrx_word' id='word_1_344' title='bbox 350 3844 391 3880; x_wconf 79' lang='lat' dir='ltr'>ecc</span> <span class='ocrx_word' id='word_1_345' title='bbox 412 3819 506 3878; x_wconf 80' lang='lat' dir='ltr'>altero</span> <span class='ocrx_word' id='word_1_346' title='bbox 517 3817 634 3901; x_wconf 81' lang='lat' dir='ltr'>quidem</span> <span class='ocrx_word' id='word_1_347' title='bbox 652 3834 752 3900; x_wconf 69' lang='lat' dir='ltr'>parte,</span> <span class='ocrx_word' id='word_1_348' title='bbox 776 3822 925 3887; x_wconf 70' lang='lat' dir='ltr'>cirroiiol</span> <span class='ocrx_word' id='word_1_349' title='bbox 938 3834 1000 3880; x_wconf 83' lang='lat' dir='ltr'>etc.</span> <span class='ocrx_word' id='word_1_350' title='bbox 1021 3826 1142 3891; x_wconf 66' lang='grc' dir='ltr'><strong>τοῦτο,</strong></span> <span class='ocrx_word' id='word_1_351' title='bbox 1165 3822 1222 3903; x_wconf 68' lang='lat' dir='ltr'>di,</span> <span class='ocrx_word' id='word_1_352' title='bbox 1242 3822 1279 3886; x_wconf 67' lang='lat' dir='ltr'>cic</span> 
     </span>
     <span class='ocr_line' id='line_1_42' title="bbox 86 3898 1276 3989; baseline 0.005 -25"><span class='ocrx_word' id='word_1_353' title='bbox 86 3899 93 3905; x_wconf 68' lang='grc'><strong>’</strong></span> <span class='ocrx_word' id='word_1_354' title='bbox 177 3903 276 3964; x_wconf 79' lang='lat' dir='ltr'>altero</span> <span class='ocrx_word' id='word_1_355' title='bbox 299 3917 365 3964; x_wconf 74' lang='lat' dir='ltr'>vero</span> <span class='ocrx_word' id='word_1_356' title='bbox 393 3906 494 3984; x_wconf 71' lang='lat' dir='ltr'>parte,</span> <span class='ocrx_word' id='word_1_357' title='bbox 526 3902 611 3966; x_wconf 74' lang='lat' dir='ltr'>ditor</span> <span class='ocrx_word' id='word_1_358' title='bbox 633 3917 691 3965; x_wconf 87' lang='lat' dir='ltr'>etc.</span> <span class='ocrx_word' id='word_1_359' title='bbox 736 3903 791 3963; x_wconf 88' lang='lat' dir='ltr'>Sic</span> <span class='ocrx_word' id='word_1_360' title='bbox 814 3926 893 3966; x_wconf 84' lang='lat' dir='ltr'>vero</span> <span class='ocrx_word' id='word_1_361' title='bbox 913 3925 1024 3981; x_wconf 85' lang='lat' dir='ltr'>nemo,</span> <span class='ocrx_word' id='word_1_362' title='bbox 1056 3902 1122 3964; x_wconf 84' lang='lat' dir='ltr'>nisi</span> <span class='ocrx_word' id='word_1_363' title='bbox 1147 3898 1276 3989; x_wconf 72' lang='lat' dir='ltr'>putidat</span> 
     </span>
     <span class='ocr_line' id='line_1_43' title="bbox 177 3986 1276 4070; baseline -0.001 -22"><span class='ocrx_word' id='word_1_364' title='bbox 177 3986 331 4070; x_wconf 77' lang='lat' dir='ltr'>scriptor,</span> <span class='ocrx_word' id='word_1_365' title='bbox 357 3987 452 4047; x_wconf 85' lang='lat' dir='ltr'>verba</span> <span class='ocrx_word' id='word_1_366' title='bbox 468 3987 630 4068; x_wconf 87' lang='lat' dir='ltr'>posuerit,</span> <span class='ocrx_word' id='word_1_367' title='bbox 654 3987 795 4047; x_wconf 87' lang='lat' dir='ltr'>omnium</span> <span class='ocrx_word' id='word_1_368' title='bbox 809 3989 940 4052; x_wconf 83' lang='lat' dir='ltr'>minime</span> <span class='ocrx_word' id='word_1_369' title='bbox 955 4003 1072 4053; x_wconf 85' lang='lat' dir='ltr'>noster.</span> <span class='ocrx_word' id='word_1_370' title='bbox 1100 3990 1181 4055; x_wconf 58' lang='grc' dir='ltr'>δια·</span> <span class='ocrx_word' id='word_1_371' title='bbox 1194 4007 1276 4055; x_wconf 70' lang='lat' dir='ltr'>vem</span> 
     </span>
     <span class='ocr_line' id='line_1_44' title="bbox 177 4070 1272 4163; baseline 0.006 -32"><span class='ocrx_word' id='word_1_372' title='bbox 177 4092 276 4154; x_wconf 82' lang='lat' dir='ltr'>quarn</span> <span class='ocrx_word' id='word_1_373' title='bbox 289 4073 425 4132; x_wconf 83' lang='lat' dir='ltr'>maxime</span> <span class='ocrx_word' id='word_1_374' title='bbox 442 4070 641 4133; x_wconf 83' lang='lat' dir='ltr'>adverbum:</span> <span class='ocrx_word' id='word_1_375' title='bbox 664 4073 841 4134; x_wconf 81' lang='lat' dir='ltr'>Damnavit</span> <span class='ocrx_word' id='word_1_376' title='bbox 856 4087 964 4135; x_wconf 85' lang='lat' dir='ltr'>autern</span> <span class='ocrx_word' id='word_1_377' title='bbox 982 4095 1037 4135; x_wconf 82' lang='lat' dir='ltr'>eos</span> <span class='ocrx_word' id='word_1_378' title='bbox 1051 4071 1272 4163; x_wconf 80' lang='lat' dir='ltr'>philosophos,</span> 
     </span>
    </p>
   </div>
   <div class='ocr_carea' id='block_1_3' title="bbox 177 4157 1277 4246">
    <p class='ocr_par' dir='ltr' id='par_1_3' title="bbox 177 4157 1277 4246">
     <span class='ocr_line' id='line_1_45' title="bbox 177 4157 1277 4246; baseline 0.011 -29"><span class='ocrx_word' id='word_1_379' title='bbox 177 4158 237 4240; x_wconf 86' lang='lat' dir='ltr'>qni</span> <span class='ocrx_word' id='word_1_380' title='bbox 256 4191 301 4210; x_wconf 87' lang='lat'>·-</span> <span class='ocrx_word' id='word_1_381' title='bbox 321 4192 365 4246; x_wconf 79' lang='lat'>·.·&#39;</span> <span class='ocrx_word' id='word_1_382' title='bbox 384 4158 551 4223; x_wconf 74' lang='lat' dir='ltr'>maximum</span> <span class='ocrx_word' id='word_1_383' title='bbox 560 4171 675 4240; x_wconf 79' lang='lat' dir='ltr'>portem</span> <span class='ocrx_word' id='word_1_384' title='bbox 690 4161 800 4240; x_wconf 80' lang='lat' dir='ltr'>(rorico</span> <span class='ocrx_word' id='word_1_385' title='bbox 824 4157 880 4242; x_wconf 68' lang='lat' dir='ltr'>uls</span> <span class='ocrx_word' id='word_1_386' title='bbox 900 4161 932 4226; x_wconf 81' lang='lat' dir='ltr'>oi</span> <span class='ocrx_word' id='word_1_387' title='bbox 949 4159 1078 4243; x_wconf 70' lang='grc' dir='ltr'>πολλοὶ)</span> <span class='ocrx_word' id='word_1_388' title='bbox 1089 4163 1277 4229; x_wconf 49' lang='lat' dir='ltr'>&amp;cmm</span> 
     </span>
    </p>
   </div>
   <div class='ocr_carea' id='block_1_4' title="bbox 0 0 1324 4680">
    <p class='ocr_par' dir='ltr' id='par_1_4' title="bbox 0 0 1324 4680">
     <span class='ocr_line' id='line_1_46' title="bbox 0 0 1324 4680; baseline 0 0"><span class='ocrx_word' id='word_1_389' title='bbox 0 0 1324 4680; x_wconf 95' lang='lat' dir='ltr'> </span> 
     </span>
    </p>
   </div>
  </div>
 </body>
</html>
