2640 4680
100 308 246 399 nnus
303 324 383 388 so.
439 334 1058 415 usnr1.4·onsu1-uus

107 491 249 571 Galliae,
266 484 470 553 Germaniae·
479 480 653 549 adeundae
662 484 683 568 33
694 484 844 562 vicissim
859 484 990 572 sliquid
1003 487 1100 553 u'obis
1114 489 1214 572 iguo·¹

104 606 256 672 scerent,
284 586 440 673 homines
455 606 530 652 esse
541 597 615 651 tum
629 605 711 668 nos,
730 600 805 652 tum
820 598 1032 668 correctores,
1056 602 1091 654 st
1103 605 1210 678 typo«,

107 696 279 784 graphicis
293 710 421 775 operes,
435 688 627 772 cogitarent,
638 710 700 777 pro
713 692 862 756 millenis
877 686 1092 776 κατορθώμασι
1104 715 1211 781 unum

109 799 206 866 nobis
220 796 427 877 alterumque
443 792 634 857 humanum·
645 810 792 857 errorem
805 792 880 857 sine
896 793 1019 859 senties
1031 792 1212 858 transmit-

108 908 232 966 terent.
260 894 403 975 ingrati
431 892 521 963 enirn
544 897 692 981 prolecto
714 891 818 985 animi
840 893 1069 960 est.st.nirnis
1090 896 1210 976 jejuni,

110 1003 163 1066 uti
181 999 322 1064 aliorum
344 993 531 1083 laboribus,
559 995 772 1079 ingeniisque
800 992 880 1059 dum
896 993 1119 1087 ¹eot‘trtnod'nm
1147 1007 1211 1076 est,

113 1092 282 1168 sexcentis
294 1094 375 1159 inde
389 1096 428 1158 in
443 1094 591 1176 singulos
604 1117 708 1182 prope
726 1096 798 1159 dies
815 1094 1104 1163 commoditatibus
1123 1101 1214 1163 frui:

113 1216 150 1269 et
164 1197 366 1278 deinde,ribi
381 1197 486 1258 semel
497 1199 739 1284 eutaliquoties
754 1196 1042 1284 caespiistumesq
1062 1194 1217 1279 clausere,

111 1305 257 1387 flagella,
278 1299 449 1379 stimulos,
470 1302 562 1362 laces
572 1301 751 1381 vorborum
766 1296 945 1385 expedire,
960 1292 1118 1382 stipulatu
1132 1303 1217 1364 inu-

113 1425 189 1472 rere
201 1399 393 1466 hominibus
406 1399 531 1486 optime
546 1401 694 1465 meritis·
722 1397 840 1466 Redeo
854 1397 896 1464 sd
911 1399 1101 1486 Epistulam
1111 1402 1218 1466 Ponte·

115 1508 213 1588 derne.
255 1488 332 1571 Non
350 1501 456 1564 ausim
469 1503 686 1581 confirmare„
702 1505 803 1589 plane
820 1503 907 1566 nihil
919 1522 993 1566 esse
1007 1503 1045 1565 in
1060 1504 1123 1567 hac
1137 1503 1214 1590 Epi·

114 1610 201 1674 stola
213 1606 305 1670 verit
327 1614 508 1688 supersunt
525 1600 633 1685 enirn,
655 1625 740 1690 quae
759 1604 912 1671 nondum
926 1604 1081 1668 iuvenire
1100 1607 1215 1692 potui:

114 1713 225 1777 fateor
236 1708 367 1793 aliquot
375 1704 456 1767 locis
476 1706 636 1769 omissum
659 1725 751 1785 esse,
782 1725 857 1766 cum
880 1724 941 1785 ego
958 1703 1134 1787 Gottingae
1148 1710 1217 1787 jam

117 1832 237 1892 essem,
248 1809 370 1872 ultima
385 1807 496 1891 operis
509 1806 754 1899 excuderentur
767 1802 914 1888 Lipsiae,
923 1806 1057 1871 'nomen
1072 1808 1217 1871 Pontede-

55 1976 56 1981 ,
117 1939 187 1982 roe:
208 1911 268 1979 sed
280 1913 324 1977 iis
340 1911 377 1973 in
393 1910 492 1988 locis,
516 1928 600 1992 quae
613 1908 670 1971 tel
686 1908 739 1970 sui
754 1907 897 1970 auctoris
909 1906 1014 1972 elium
1030 1911 1220 1976 characters

118 2021 294 2094 baberent,
315 2013 374 2076 tel
393 2010 543 2098 equibus
555 2008 708 2088 nihilpsi
721 2009 849 2096 relique
864 2010 931 2074 viri
943 2008 1062 2074 decora
1076 2024 1217 2097 spectes,

116 2120 186 2207 ipsi
206 2114 385 2194 decedere3
414 2131 531 2200 parum
548 2113 650 2190 mihi,
678 2109 868 2177 addendum
888 2112 979 2179 euim
1001 2113 1066 2177 hoc
1088 2135 1219 2202 quoque

119 2233 181 2300 est,
194 2216 362 2297 accedere,
377 2216 406 2278 si
418 2217 492 2301 quis
502 2214 587 2278 mihi
600 2215 735 2294 tribuat,
750 2217 867 2299 possit.
897 2215 942 2279 Ut
958 2217 1086 2280 enimis
1101 2228 1152 2279 est
1166 2220 1220 2281 vir

119 2319 348 2397 doctissimus,
378 2338 416 2379 ea
433 2319 526 2380 illius
550 2316 587 2377 in
607 2317 663 2376 his
680 2317 788 2378 literis
816 2331 949 2381 exstant
967 2316 1102 2395 decom,
1134 2339 1220 2402 quas

118 2423 246 2487 nullam
260 2421 410 2504 profecto
425 2421 585 2496 jacturam
599 2416 756 2486 sentiant,
781 2416 811 2477 si
835 2420 961 2501 aliquot
979 2419 1129 2485 minutae
1152 2417 1219 2481 ad-
1245 2434 1248 2439 ’

117 2519 366 2587 notatiunculae
383 2536 558 2600 operarum
571 2515 883 2600 typographicsrum
901 2518 997 2603 culpo
1017 2522 1153 2582 nomine
1167 2523 1217 2607 ip·

47 2670 49 2674 a
117 2625 187 2689 sius
199 2631 351 2685 careant:
371 2616 419 2680 ita
433 2636 565 2679 menon
580 2618 628 2679 ita
642 2618 807 2695 abjectum
821 2628 856 2679 et
867 2618 1028 2697 ignavum
1044 2621 1220 2688 bominem

116 2736 206 2791 terra
220 2720 431 2815 protulit,'ut
445 2719 549 2781 velim
561 2719 621 2781 illa
638 2717 795 2799 aerugine
814 2716 857 2781 de
877 2718 1057 2783 Pontederoe
1075 2726 1219 2788 theseu-

115 2825 162 2892 ris
184 2822 305 2897 detrita
333 2819 506 2887 ditescere.
556 2816 642 2911 Nem
670 2819 759 2904 quod
786 2822 958 2904 objicitur,
986 2823 1018 2890 N
1025 2837 1136 2891 ostra
1168 2829 1214 2907 (i.

114 2925 295 3001 Pontederoe
317 2924 514 3000 observata)
540 2932 585 2984 ut
610 2920 752 2986 abdito
783 2939 952 3001 essent,
981 2948 1116 3013 neque
1144 2930 1216 2991 lu-

116 3049 226 3110 cem,
256 3029 292 3090 si
321 3026 426 3090 fieri
453 3035 621 3112 posset,
649 3023 943 3113 adspicerent,
972 3051 1047 3116 qun
1069 3031 1215 3115 potuit

116 3129 353 3211 diligentia
375 3127 556 3191 curavit.
600 3125 689 3190 Huc
714 3141 846 3216 atque
867 3130 979 3195 illue
1000 3129 1214 3216 dispersit

113 3232 324 3298 inhonoro
359 3239 490 3316 atque
519 3229 821 3311 abscondidit,
858 3229 1114 3297 illudmovere
1135 3254 1213 3296 eum

112 3335 202 3397 forte
216 3334 346 3418 potest,
369 3333 398 3395 si
415 3333 490 3417 quis
505 3353 589 3418 opus
604 3330 689 3396 illud
705 3354 886 3418 numquam
900 3334 936 3396 in
949 3352 1068 3396 manus
1084 3335 1212 3398 sumsit.

111 3431 198 3497 Nam
212 3436 333 3497 caeteri
345 3432 472 3512 vident,
487 3454 549 3498 nos
563 3445 693 3499 secutos
707 3453 780 3498 esse
794 3454 922 3498 morem
935 3435 1016 3496 olim
1030 3447 1212 3520 receptum,

111 3534 182 3598 suis
207 3535 291 3597 locis
321 3533 499 3615 adjiciendi
520 3532 770 3617 adnotationes,
804 3535 984 3619 troicuique
1003 3532 1213 3603 adnotationi

111 3634 237 3699 nomen
250 3637 302 3699 sui
317 3638 470 3718 auctoris,
486 3638 593 3702 literis
609 3633 744 3720 quidem
756 3637 1207 3717 majusculiset-ferientibus

31 3727 57 3761 ³¹
112 3739 237 3816 oculos,
259 3737 484 3820 adscribendi3
506 3736 673 3822 nisiquod
688 3751 817 3802 nostras
830 3759 871 3800 eo
892 3740 966 3823 ipso
988 3738 1068 3801 setis
1093 3741 1212 3821 signa⁴

108 3837 162 3902 tas
187 3842 401 3926 putabamus,
438 3841 469 3903 si
497 3842 627 3903 nullum
656 3861 780 3902 nomen
807 3839 1009 3926 adscriptum
1035 3840 1209 3908 haberent.

105 3938 185 4025 Qus
202 3941 240 4003 in
262 3962 298 4004 re
322 3945 501 4008 molestum
525 3943 619 4007 nobis
639 3945 789 4007 laborem
811 3938 1003 4027 pompendii
1015 3956 1209 4028 poteramus

80 4029 87 4046 ’
105 4035 227 4128 iacere,
250 4055 286 4109 et
300 4057 448 4141 sumtum
465 4043 674 4133 Bibliopolas
691 4067 757 4111 non
773 4032 987 4125 mediocrem,
1009 4047 1040 4111 si
1052 4046 1117 4113 illo
1134 4067 1207 4114 sno.
