2640 4680
393 1284 1111 1464 PRAEFAT10.³
1231 1294 1234 1302 ’

116 1724 295 1873 Quam„
313 1757 353 1832 in
376 1741 474 1833 tauta
494 1761 752 1860 exemplarium
767 1783 804 1834 et
826 1757 980 1834 Batavae
1003 1777 1039 1831 et
1059 1756 1224 1857 Bipouti«
1301 1840 1303 1847 ¹

118 1869 193 1936 irae
215 1867 493 1938 Lucianeorum
516 1874 672 1960 ‘operum
713 1861 884 1937 editionis
913 1861 1083 1961 penuria,
1109 1865 1223 1936 ΗαΙιι.

118 1971 227 2058 nius,
254 1964 529 2041 Weidmanniae
547 1966 711 2038 librariae
726 1966 972 2039 meritissimus
985 1984 1128 2055 rector,
1155 1991 1221 2037 nu
1242 2032 1246 2037 .

113 2093 201 2154 vam
215 2065 367 2139 redcm1t
378 2065 582 2165 parandam,
603 2096 679 2140 eam
692 2093 771 2170 ego,
798 2089 946 2141 auctore
964 2066 996 2138 J
1014 2067 1059 2140 G
1077 2063 1220 2140 Scuta-

114 2192 233 2261 Fene,
254 2171 398 2242 fautore
412 2195 495 2242 meo
512 2191 548 2241 et
560 2170 674 2242 amica
689 2197 774 2244 vere
789 2189 952 2269 paterno,
978 2187 1081 2280 tanto
1091 2169 1219 2241 luhen

112 2274 190 2344 tius
206 2271 401 2347 curandam
415 2271 574 2371 suscepi,
591 2298 705 2370 quum
722 2270 862 2347 dudum
874 2270 964 2344 mihi
978 2270 1064 2347 cum
1077 2274 1220 2345 Laeta·
1274 2304 1277 2309 ·

112 2403 166 2449 no
180 2373 371 2474 singularis
384 2372 560 2471 quaedam
579 2374 819 2463 familiaritas
810 2372 1068 2465 intercesserit,
1089 2381 1132 2445 dx
1145 2399 1217 2472 que
1241 2460 1247 2466 ἡ

109 2478 223 2551 eti-am
237 2478 274 2548 iu
291 2476 380 2548 alios
390 2481 605 2550 Lucianiet
620 2475 771 2551 emnino
788 2478 1010 2556 Graecarum
1025 2476 1220 2556 literarum·

110 2581 278 2656 cultures
304 2576 442 2676 aliquid
465 2579 623 2651 utilitatis
652 2578 942 2652 redundaturum
965 2604 1040 2650 esse
1068 2603 1217 2676 sperate
1274 2579 1285 2636 ἰ

111 2708 269 2778 possem.
325 2679 437 2797 Quod
450 2703 626 2779 quantum
641 2683 712 2773 sit,
741 2682 839 2753 exiis
859 2678 1129 2803 quodammodo
1154 2704 1213 2751 ae·

106 2785 309 2857 etimabunt
326 2782 430 2881 aequi
449 2804 483 2855 et
498 2785 604 2883 periti
616 2811 803 2867 censores,
830 2764 923 2883 quie
938 2789 1008 2879 jam
1018 2781 1070 2854 de
1086 2780 1212 2861 indole

112 2905 154 2956 et
172 2889 286 2961 forma
308 2885 458 2981 hujusce
482 2886 601 2984 operis
627 2885 728 2961 etde
751 2886 993 2977 adminiculis,
1021 2882 1182 2984 quibus
1172 2911 1218 2974 m,

110 3012 164 3061 eu
191 2963 403 3066 instruendo
430 3015 514 3066 usus
539 3015 640 3088 sum,
668 2988 848 3090 prolixius
874 2989 1000 3089 paullo
1031 3008 1213 3095 exponete
1246 2990 1248 2994 ’

108 3091 288 3164 constitui

195 3194 376 3282 Οιιιιιίιιο,
396 3191 543 3295 quidem
566 3193 623 3266 lex
638 3213 711 3269 erat
736 3192 828 3266 haec
849 3191 1074 3293 praestituta,
1099 3209 1212 3263 uere
1195 3228 1232 3271 „¹
1291 3229 1292 3245 2

107 3313 313 3407 peteretur,
338 3318 514 3395 quantum
540 3295 579 3368 id
601 3295 685 3368 lieri
708 3315 828 3395 posset
844 3295 1049 3388 reliceret,
1067 3292 1210 3394 inclyta

110 3393 226 3497 editio
242 3399 571 3475 Hematerltusz‘on
596 3398 861 3494 Reitzt'aiaa3
851 3396 1065 3501 itascilicet,
1099 3415 1140 3466 ut
1160 3395 1206 3487 ei,

107 3523 220 3595 quam
234 3522 300 3566 nos
317 3500 544 3591 curaremus,
561 3519 637 3575 turn
654 3499 918 3590 fundamento>
937 3520 1015 3572 tum
1021 3497 1206 3596 exemplo,

109 3617 212 3672 esset.
273 3597 381 3671 Unde
404 3626 478 3678 neu
509 3602 628 3675 solum
651 3628 802 3674 necesse
820 3622 914 3694 erat,
953 3621 996 3673 ut
1018 3601 1211 3676 universus

106 3721 298 3800 apparatus
315 3701 372 3775 vel
386 3701 526 3779 criticus
546 3705 604 3777 rel
617 3703 914 3782 hermericuticus
928 3692 1037 3776 simul
1050 3729 1133 3778 cum
1151 3701 1205 3794 iis,

104 3828 202 3903 quae
224 3802 388 3880 advitam
410 3804 565 3882 auctoris
584 3805 875 3921 cognoscendam
896 3803 1069 3878 facientia
1082 3803 1207 3876 aliur

107 3930 194 3978 'rzro
213 3906 364 3981 collecta
379 3927 482 3996 sunt,
508 3907 787 4001 recuderetur,
792 3936 867 3986 une
890 3907 1015 3982 Indice
1043 3927 1206 4006 exceptu,

107 4033 220 4110 quem
243 4035 370 4108 magua
396 4036 481 4086 curu
502 4008 680 4114 imperitia
701 4031 737 4084 et
759 4011 902 4090 levitate
918 4010 1128 4084 conlectum
1141 4035 1207 4078 no·
