2640 4680
132 311 994 399 son‘r-rrrsuunfnucrnur.
1027 337 1130 415 snut

88 460 146 545 ,aei
172 475 409 563 Philopatoris
431 470 516 562 quae
529 477 677 561 coeperit
694 488 828 539 centurn
840 479 938 541 annis
950 492 1028 563 post
1039 482 1132 547 Ale.

88 583 146 646 .dri
161 581 323 656 mortem,
346 576 495 664 adeoque
507 576 674 662 Apelles
663 600 701 639 ιιι
716 578 804 641 vivis
819 599 893 641 esse
915 600 987 643 non
1007 597 1132 667 potue-
1231 592 1240 609 ⁴

127 683 352 748 confudisse
341 683 442 763 igitur
463 679 633 743 existimet
653 677 829 764 quemdem
853 681 1133 783 conspirationem

120 780 315 850 Pt'olemaeo
348 780 589 865 Philadelpho,
628 802 702 843 cum
736 779 926 864 proditione
955 762 1134 893 Theodoti,

88 879 784 1003 rdetmihihaudimprobabilevidetur
1166 908 1168 912 ·

113 1091 236 1154 IDEM
252 1036 326 1156 idid.
341 1111 374 1176 p.
393 1091 468 1158 653.
481 1084 535 1150 tit.
552 1084 807 1167 Busctrnsnns,
831 1089 996 1168 observat,
1017 1083 1136 1177 Lucio.

88 1195 251 1255 ultorum
277 1206 351 1254 sese
381 1185 549 1253 cremandi
571 1186 777 1273 intrepidum
804 1209 933 1252 morem
965 1178 1158 1277 opponere.
1242 1212 1244 1219 ·

88 1292 133 1359 rti
153 1291 342 1372 Peregrini,
372 1287 499 1363 medies
522 1288 560 1349 in
579 1289 731 1355 flammas
751 1290 861 1353 subito
875 1291 1076 1381 insilientis,
1098 1313 1136 1356 ae

88 1397 121 1458 le
136 1391 334 1456 methodum
348 1389 612 1466 Brachmenum,
635 1392 693 1473 qui
714 1411 788 1481 sese
802 1395 963 1455 tenebant
976 1394 1139 1458 immobi-

90 1493 293 1576 ,‘dum1gne
309 1502 497 1556 asserentur
503 1537 514 1571 ,
536 1493 643 1556 multo
661 1512 733 1555 esse
747 1494 993 1574 gloriosiorem,
1015 1515 1139 1581 super·
1190 1510 1192 1515 '

88 1543 175 1658 iltis
202 1594 378 1680 Boylius
403 1596 452 1656 ila
471 1580 613 1677 ludioni:
641 1591 719 1657 Eece
741 1595 889 1679 quomodo
911 1597 998 1660 homo
1023 1597 1137 1660 derisor

88 1699 139 1757 trio
154 1720 273 1780 carpere
289 1699 381 1758 novit.
426 1693 462 1756 5t
474 1696 680 1774 Peregrinus
668 1711 740 1758 ustos
753 1695 945 1781 philosophos
960 1697 1053 1759 Indos
1067 1718 1140 1761 esset

88 1802 184 1880 itatus,
232 1795 441 1861 Lucienus
474 1819 540 1855 eum
564 1793 736 1859 adcusasset
762 1801 901 1875 inertiae,
937 1822 976 1859 uo
998 1797 1139 1880 dixisset,

88 1901 158 1963 circi
174 1923 249 1968 cum
264 1910 371 1981 morte
391 1897 541 1982 quaerit,
564 1918 601 1959 ac
617 1903 742 1963 sensim
759 1901 950 1984 sensimque
964 1919 1001 1962 se
1016 1903 1144 1964 confir—

88 2021 133 2063 rre
147 1999 277 2064 studet.
299 2001 375 2085 plus
390 1998 481 2062 enim
494 1997 597 2062 enirm
587 1998 820 2081 ostenderet,
842 2004 901 2067 ubi
914 2021 950 2069 ss
972 2020 1040 2065 uno
1055 2004 1142 2068 saltu

96 2116 207 2189 rogum
226 2101 414 2183 conjiceret.

128 2305 177 2370 At
196 2304 336 2387 justius,
365 2303 540 2384 ingeniose
560 2303 673 2389 Boyli,
701 2307 816 2369 forsan
843 2304 1021 2385 objiceres,
1057 2303 1147 2392 qnod

88 2405 200 2471 rmdem
213 2406 393 2470 subitoin
382 2426 496 2496 ignem
507 2398 685 2573 insiliendp'
696 2418 807 2470 ectum
819 2406 944 2484 laudet,
959 2429 1004 2473 ac
1010 2428 1148 2489 genero.

88 2509 193 2572 enimi
208 2527 281 2570 esse
299 2493 468 2626 praedicet
479 2530 535 2589 pro
550 2507 654 2571 Meroe
700 2507 797 2573 Cond.
821 2509 891 2589 §.4
894 2505 1004 2574 ,ἓκῶν
1027 2509 1148 2591 δὲμᾶλα
1192 2590 1194 2595 .

88 2603 184 2692 luugtm
200 2605 276 2684 ἐς
243 2634 277 2684 uo
294 2614 355 2689 πῦρ
373 2586 544 2688 ιῗλλόμενος.
568 2608 635 2672 Sed
653 2623 687 2673 et
706 2612 814 2672 heec'
804 2612 942 2690 monice,
958 2622 993 2673 et
1009 2611 1148 2674 alterius

88 2713 184 2774 omine
202 2730 276 2773 cum
300 2708 404 2789 dicat,
426 2711 512 2772 mihi
529 2732 597 2773 ιιοιι
610 2709 770 2774 videntur
782 2712 978 2775 contrane
1000 2710 1151 2798 Cumque
1264 2774 1268 2781 .

88 2809 341 2894 tBrechmanuur
356 2809 568 2890 dementiam,
591 2825 625 2876 et
640 2812 811 2893 Peregrini
823 2832 928 2900 aeque
941 2811 1059 2891 rideat,
1081 2833 1152 2876 om-

88 2909 136 2974 ino
149 2914 243 2976 licuit
257 2915 290 2975 ei
306 2911 438 2992 dicere,
462 2910 687 2976 Brachmsnes
703 2934 775 2976 esse
789 2914 962 2978 fortiores:
991 2915 1021 2979 si
1038 2927 1153 2982 tamen

88 3029 203 3079 amens
219 3026 272 3076 est
284 3013 396 3099 Boylii,
419 3012 605 3096 oportuisse
626 3012 800 3074 Lucienum
819 3014 856 3077 in
875 3013 1047 3096 Peregrini
1066 3020 1153 3078 facto
1266 3092 1267 3097 γ

88 3108 271 3207 mprobando
292 3116 470 3178 subsistere
483 3115 572 3177 intra
586 3134 693 3177 vanae
711 3115 837 3195 gloriae
851 3119 1155 3202 exprobrationem,

88 3233 128 3279 ton
151 3238 233 3283 vero
255 3230 437 3281 extenuare
458 3214 608 3294 ejusdem
637 3213 808 3283 audaciam
832 3228 892 3286 sut
912 3216 1156 3302 tortitudinem,

88 3309 170 3385 entre
184 3319 375 3398 veritatem,
397 3315 670 3397 rectejudicarit.
762 3337 766 3344 ·
879 3341 881 3348 ·

141 3520 181 3590 D.
202 3520 496 3588 Trnrruourrus
483 3545 522 3585 ιιι
533 3519 620 3586 Hist.
635 3469 938 3611 Imperatorum'l.
957 3506 1008 3592 Π,Ι
1027 3535 1111 3611 pert
1126 3532 1161 3597 2

88 3630 127 3689 ιιι
140 3633 189 3694 29
203 3647 238 3712 p.
253 3629 375 3690 707-
390 3629 440 3689 10
466 3626 558 3703 cujus
572 3626 715 3689 verbe
688 3646 735 3690 ιιι
751 3640 863 3691 verto.
887 3622 1003 3691 Celsus
1013 3627 1161 3731 phrlnso

88 3720 150 3803 phos
162 3728 361 3813 Epicureus,
387 3729 461 3811 (qui
474 3714 657 3790 Eeclesiam
672 3729 804 3814 scriptis
815 3749 1007 3815 oppugnare
1000 3706 1165 3809 adgres-

88 3835 128 3887 tus
139 3835 194 3908 est)
219 3842 370 3914 tempore
385 3824 560 3892 Commodi
573 3825 830 3894 adhuevivebet
831 3850 958 3917 ,aeque
973 3850 1010 3892 ec
1031 3828 1060 3894 L
1063 3850 1165 3893 uerr-

88 3935 150 4007 ¹tus,
177 3931 233 4017 qui
256 3928 298 4009 ed
322 3949 399 3992 eum
421 3942 498 4014 post
519 3929 656 3993 Aurelii
682 3951 855 3996 excessum
879 3934 972 3994 misit
990 3930 1168 3994 historiam

88 4018 252 4113 ,llltxsndri
264 4032 469 4119 ierostoris,
483 4052 584 4118 quom
600 4034 671 4115 ejus
683 4045 800 4129 rogatu
817 4035 1067 4121 conscripserat.
1082 4022 1168 4113 (uid-⁴
