2640 4680
134 318 268 431 [508
466 352 1034 405 Annornrronns

276 504 354 568 Euri.
376 507 399 564 l.
425 509 474 570 10.
508 498 552 566 Τὸ
576 498 700 584 γαλενε.)
726 497 815 582 Quod
833 498 920 584 longe
941 500 1059 591 quidem
1076 508 1203 589 gravius
1218 527 1289 576 acet.

194 590 304 658 Bnon·
583 595 586 601 ’
1098 640 1101 645 <
1253 602 1256 607 '

95 686 101 705 '·
277 673 353 738 Emi.
375 678 400 735 1.
423 677 473 739 12·
502 669 543 737 Τὸ
558 676 614 737 τοῦ
624 667 738 754 λόγον)
756 665 845 750 Quod
855 671 1009 752 proverbio
1020 676 1169 754 jactatur.
1189 678 1289 749 Bnon.

191 758 299 825 Modo
314 763 343 823 τί
362 751 435 836 οὖν,
458 770 506 818 est
530 754 676 817 absoluta
698 754 928 838 interrogatio,
952 770 989 817 ut
1010 758 1112 825 Dian.
1136 762 1239 828 Mur.
1252 765 1286 844 X,

192 852 224 914 1.
252 847 287 908 Τί
306 836 377 922 οὖν,
401 839 457 924 οὐχ
477 838 581 916 incude
601 836 618 905 ὅ
641 834 773 927 οὐρανὸς
790 836 935 920 ἐντεκεῖν,
958 836 1055 906 Char.
1079 866 1105 904 c.
1122 853 1156 915 8.
1178 851 1209 914 el
1224 841 1287 929 αὕη

112 938 119 959 “
191 934 349 1010 οἰηθῶμεν
365 941 425 989 etc.
450 940 482 986 et
498 924 688 993 sexcenties.
731 922 828 1009 Unde
843 923 1006 989 discedere
1021 928 1169 1010 placebat
1192 955 1212 992 a
1227 938 1288 995 vul·

180 1024 265 1097 'gnta
285 1008 434 1075 nectendi
457 1011 603 1072 ratione:
627 1012 656 1072 τί
674 999 730 1075 οὖν
751 1006 802 1075 διὰ
813 1015 904 1075 τοῦτο
919 1012 1023 1093 ἐχρῆν,
1047 1026 1109 1080 etc.
1132 1018 1212 1079 estis
1225 1017 1285 1099 qui·

190 1097 262 1160 dem
275 1096 330 1158 ills
341 1116 459 1178 aspere.
476 1092 603 1154 Etalibi
613 1092 774 1155 alibrariis
787 1092 936 1156 similiter
953 1111 1129 1177 peccatum,
1146 1102 1284 1170 utDisll.

188 1180 291 1244 Deos.
310 1182 389 1259 VII,
415 1189 445 1251 2.
473 1179 528 1240 nbi
547 1177 711 1258 Apollinis
726 1178 821 1239 verbs
840 1181 937 1261 vulgo
959 1178 1163 1251 incommode
1180 1185 1283 1251 siser·

187 1264 360 1328 hibentur:
388 1268 424 1329 Τι’
441 1255 496 1329 οὖν
515 1259 614 1327 πάντα
630 1264 704 1343 ἔχεις
723 1259 760 1327 sci
772 1265 906 1348 ἐργαλεῖα
912 1291 923 1344 3
945 1264 1136 1330 Debebuntr
1164 1274 1203 1335 tr
1217 1263 1283 1353 civ,-

186 1347 287 1416 πάντα
299 1354 372 1432 ἔχεις
385 1346 421 1412 sci
439 1353 498 1434 ἕργ.
541 1349 660 1413 ΙιΕΗΜ.
883 1419 889 1429 ,
962 1428 967 1441 ,

197 1448 201 1457 ·
273 1435 353 1497 loiri.
388 1442 432 1521 Τῇ
446 1429 551 1520 γῇτόν
567 1428 700 1515 οὐρανὸν
716 1431 832 1515 ivon..)
855 1435 919 1497 Hic
936 1436 1201 1507 locusBrcsmunr
1222 1458 1297 1506 non¹

186 1519 276 1605 fugit
289 1522 324 1580 in
341 1520 431 1583 Mare
445 1518 525 1580 coelo
540 1521 667 1581 miscere.
711 1519 850 1582 Hsmsr.
1214 1546 1219 1553 ·
1314 1548 1316 1553 ’

194 1618 198 1623 ’
268 1606 343 1687 Peg.
367 1613 439 1673 131.
459 1609 482 1667 1.
507 1610 535 1669 1.
567 1599 728 1672 Εὕτὲλειαν
743 1606 794 1669 καὶ
810 1600 988 1689 ἀγέννειαν)
1015 1599 1120 1673 Edrtt.
1143 1630 1185 1672 ox
1199 1612 1238 1676 L.
1253 1627 1279 1675 et

186 1688 238 1752 ed.
252 1690 282 1753 J.
297 1704 355 1752 est.
398 1689 439 1750 In
462 1686 593 1770 reliquis
610 1688 770 1769 impressis
786 1710 845 1771 pro
870 1710 909 1751 ec
933 1696 1140 1778 μικροψυχίαν
1158 1696 1277 1780 legitur,

184 1775 240 1840 De
253 1769 407 1858 ἀγέννειαν
422 1777 492 1834 leve
506 1787 553 1833 est
570 1772 656 1856 quod
671 1773 851 1833 moniturus
863 1795 949 1848 sum,
974 1775 1008 1833 in
1035 1778 1186 1840 omnibus
1201 1804 1277 1844 men·

185 1858 264 1936 dose
279 1858 377 1919 scribi
392 1855 546 1941 ἀγένειαν,
563 1857 626 1916 nisi
645 1856 732 1938 quod
748 1861 813 1918 sola
828 1857 876 1919 Fl.
889 1856 1048 1942 αἰγέννοιαν
1064 1863 1218 1929 mendose
1230 1865 1275 1925 he·
1309 1856 1314 1875 '

183 1943 248 2008 bet.
294 1941 358 2006 sed
380 1940 594 2017 istotorum,
623 1942 687 2001 nisi
707 1940 846 2016 editores
868 1943 993 2004 cautius
1017 1942 1277 2029 animadvertent,
1314 2002 1316 2007 .

183 2042 240 2101 tot
252 2027 362 2091 foedas
378 2031 573 2090 Graecorum
587 2025 740 2087 librorum
755 2025 915 2089 editiones
936 2028 971 2087 in
986 2045 1152 2093 aeteruum
1167 2055 1276 2118 propa.

66 2144 70 2149 -
183 2115 314 2201 gabunt.
352 2112 481 2176 Scins.
528 2114 773 2195 Μιαροψοχίαν)
804 2110 965 2195 Quoniam
986 2112 1064 2176 haec
1084 2138 1160 2179 -vox
1179 2126 1274 2186 multo

181 2201 298 2262 metius
312 2221 352 2260 ex
366 2198 560 2258 Graecorum
581 2220 643 2258 usu
658 2195 721 2257 huc
738 2198 908 2275 convenit,
933 2220 1025 2283 quem
1041 2195 1191 2284 εὐτέλεια,
1214 2227 1273 2267 non
1312 2200 1316 2257 f

181 2282 448 2346 committendum
460 2281 648 2360 videbatur,
669 2297 707 2342 ut
722 2303 788 2342 eam
811 2280 968 2347 deteriore
982 2298 1148 2354 mutarem,
1190 2286 1274 2377 Ἀγε.

177 2366 237 2449 urie
254 2384 286 2430 et
308 2365 455 2450 ἀγεννὴς,
480 2387 625 2451 quaeque
643 2365 719 2427 inde
742 2364 921 2445 ducuntur,
948 2364 1069 2452 ιἰγένεια
1089 2366 1123 2433 et
1143 2370 1274 2459 ἆγέννεια
1312 2364 1316 2453 Ι

176 2454 358 2539 promiscue
374 2453 439 2512 fere
454 2456 565 2511 solent¹
579 2451 744 2530 usurpari,
768 2451 814 2510 sic
831 2465 883 2527 ut,
908 2452 935 2511 si
951 2452 1087 2526 Codices
1102 2455 1273 2529 hodiernos¹
1292 2500 1295 2509 ·

176 2552 214 2598 et
232 2537 389 2596 rationem
406 2533 445 2613 in
464 2534 583 2610 nostris
606 2533 678 2595 edd.
695 2533 856 2595 scribendi
879 2540 1098 2617 consulemus,
1130 2542 1272 2633 dignosci

174 2622 243 2682 nori
266 2618 386 2701 possit,
417 2639 456 2678 an
488 2639 546 2698 pro
571 2617 704 2679 diversis
735 2618 811 2680 clim
836 2619 959 2680 fuerint
989 2620 1122 2699 habitu,
1157 2626 1270 2692 nec'ne:

175 2725 376 2789 quanquam,
402 2702 430 2761 si
449 2703 604 2783 originem
620 2717 714 2786 etque
731 2703 897 2786 analogice
920 2709 1008 2791 leges
1023 2722 1162 2791 spectes,
1187 2716 1272 2796 prim

89 2822 93 2829 ·
174 2789 216 2853 ad
236 2811 336 2873 genus
353 2792 485 2871 ejusque
501 2788 629 2864 sordes,
653 2793 785 2848 alterum
802 2787 842 2847 ad
859 2789 999 2851 animum
1025 2796 1270 2878 proprie‘peni.

174 2890 283 2935 neant.
322 2875 459 2935 Hense.
504 2874 558 2932 De
584 2873 647 2932 hcc
678 2872 863 2933 discrimine
890 2873 1056 2936 adeundus
1077 2879 1211 2946 Domttl.
1233 2883 1269 2946 ad

175 2958 288 3022 Cltarr't.
310 2981 340 3040 p.
356 2964 427 3026 388.
452 2956 559 3043 quiid
580 2956 676 3019 etiam
692 2980 731 3018 ex
747 2957 885 3019 Lucieno
906 2959 1067 3042 probavit.
1111 2966 1153 3025 H.
1171 2970 1192 3035 l,
1207 2990 1268 3043 non

170 3043 278 3106 miuus
295 3043 376 3103 mihi
392 3040 522 3103 videtur
545 3057 629 3103 certe
645 3063 712 3103 esso
729 3043 809 3117 Exc.
826 3043 860 3104 P.
876 3057 907 3104 et
922 3046 947 3103 F
949 3048 970 3105 1.
990 3059 1021 3106 et
1040 3047 1166 3112 codicis
1177 3050 1268 3123 2954.

156 3130 270 3192 tectio
287 3120 458 3208 ἀγέννειαν,
481 3147 576 3210 quam
593 3126 628 3185 iu
644 3126 738 3188 Char.
764 3148 791 3188 c.
809 3133 858 3193 10.
876 3123 963 3193 οὐδὲν
976 3125 1112 3213 ciyertvic²
1136 3136 1187 3207 sic
1201 3138 1270 3201 cirre

170 3212 352 3273 variatione
367 3211 521 3283 librorum
539 3211 704 3293 scriptum.
733 3209 866 3271 Scilicet
877 3214 1009 3295 respicit
1024 3214 1084 3277 hac
1097 3236 1182 3283 voce
1194 3222 1266 3285 Pro·
1312 3226 1316 3285 i

171 3295 316 3358 metheus
338 3294 376 3355 rd
390 3293 473 3354 illud
492 3293 586 3356 modo
601 3295 723 3356 dictum
742 3304 828 3369 θεοῖς
841 3297 959 3375 πρέπον
973 3313 1004 3360 et
1018 3301 1266 3385 destiterim-nc·
1312 3294 1316 3367 i

194 3394 290 3460 arque
305 3380 324 3443 J
327 3379 382 3442 ovi
396 3379 500 3440 inesse
515 3380 602 3439 illam
619 3379 801 3441 nobilitatem
818 3384 927 3456 animi>
943 3401 1024 3464 quae
1041 3386 1128 3466 apud
1142 3389 1265 3454 Sallust.
1313 3390 1316 3421 ⁵

168 3403 210 3527 ii.
228 3465 298 3526 Cat.
317 3487 343 3525 c.
358 3470 410 3530 49.
434 3462 469 3522 in
485 3464 662 3547 Equitibus
677 3463 833 3524 Romanis
847 3466 1005 3528 laudatur.
1028 3469 1092 3532 Sed
1107 3469 1267 3555 sirtarim,

94 3564 98 3569 ·
169 3569 252 3627 quae
270 3571 334 3609 vox
348 3547 493 3608 etiamin
510 3548 546 3612 A.
563 3556 593 3614 2.
617 3569 675 3630 pro
692 3551 1040 3636 urnoouvxiuvdegitur,
1061 3568 1100 3617 ut
1122 3556 1196 3621 inte
1217 3583 1269 3625 er.

167 3635 266 3695 rimae
293 3632 444 3712 lectionis
475 3631 679 3694 manifestum
700 3637 870 3716 glossema,
909 3650 942 3698 et
966 3658 1025 3721 ego
1053 3582 1267 3724 respuendum
1311 3690 1315 3701 .

167 3717 344 3779 censebam.
388 3718 507 3782 Lenes.
993 3726 1030 3768 ἰ
1118 3757 1121 3762 -

251 3801 329 3863 Eat.
352 3805 375 3863 1.
397 3808 426 3868 4·
462 3807 595 3866 Τοιαῦτα
613 3799 786 3887 ἐργάζεται)
814 3802 912 3887 nugi.
928 3806 1266 3899 νιγλιιιαῦταῖὄργίζιτιι.

139 3908 141 3913 ’
166 3883 301 3950 Bounn.
345 3885 487 3949 Omnino
504 3908 545 3948 ex
563 3885 686 3959 Codice
711 3909 782 3947 cum
797 3888 892 3972 Angl.
908 3905 974 3950 turn
997 3891 1078 3970 alio,
1101 3902 1200 3981 cnjus
1214 3924 1268 3965 ει.

167 3986 275 4052 scrpta
298 3991 395 4052 penes
408 3992 458 4031 rne
480 3985 574 4045 sunt,
596 3969 784 4055 legendum,
809 3976 946 4057 εἰκρεοῖν
963 3970 1075 4058 ὀλίγαν,
1085 3979 1176 4047 ἕνεκα
1187 3994 1268 4068 τηλι-

165 4063 262 4120 καῦτα
282 4051 443 4139 ὀργίζεται,
472 4060 500 4117 si
514 4078 625 4140 paruae
650 4060 750 4118 cornis
775 4082 879 4148 ογινεεα
906 4074 1056 4141 tantopere
1080 4064 1287 4151 indignatur„

54 4140 68 4206 ’,
163 4139 211 4203 Et
230 4141 336 4205 statim
358 4162 414 4205 cur
427 4161 513 4220 nou,
535 4153 572 4203 nt
582 4144 719 4225 jusserat
731 4140 957 4224 Βοααίεὶοιίνε,
981 4158 1015 4217 et
1035 4144 1101 4232 ipsi
1124 4171 1267 4219 canones
