2640 4680
167 350 250 431 286
440 352 1009 439 annonis-ronuta

173 515 343 582 emandare
359 510 445 597 apud
461 511 547 575 Said.
562 510 597 571 in
616 509 795 594 Κατακωχή·
814 507 1024 595 Ἐντιτείχισμα
1039 501 1081 593 ἦν
1096 526 1123 579 τε
1143 507 1288 597 τίςαατα-

174 601 277 686 nuptia
291 608 347 681 τῆς
360 598 476 682 χώρας,
499 618 566 659 non
581 603 637 677 τῆς
647 595 746 681 ὥρας,
774 596 860 679 quod
874 595 991 659 editur.
1035 597 1069 657 Is
1082 596 1117 656 in
1158 618 1207 659 oo¹
1217 620 1288 661 ver·

174 690 218 751 bo
244 685 436 767 multiplicis
458 697 491 745 et
511 682 690 744 concinnae
703 681 925 742 translationis
947 698 995 744 est
1009 683 1101 745 fonsa
1114 758 1117 763 Ι
1130 682 1288 747 Βαταναία

174 771 260 837 Phil.
280 770 341 831 tv.
357 790 389 851 p.
405 775 456 835 97.
472 768 509 829 B.
531 771 697 850 τυραννίδα
710 763 881 850 νἰτναυτιιιρῦ
893 765 1096 848 τῆς’Λττιιιῆς
1110 769 1290 852 διιετείχισεν

25 854 46 929 J
128 856 131 861 ¹
173 854 250 941 dots
269 856 359 941 ίντῇ
383 851 522 942 Εὐβοία·
559 854 686 936 placuit
710 852 860 937 inprimit
879 851 1002 914 Philoni
1022 852 1094 916 tud.
1116 851 1157 914 de
1178 854 1233 915 Pr.
1255 869 1290 916 et

173 938 277 1006 Poen.
292 960 323 1022 p.
340 944 413 1005 919.
436 939 480 1002 D.
508 934 615 1020 τὸτῆς
639 944 743 1021 empsit·
765 933 878 1022 dloyou
897 939 989 1021 μέρος
1006 936 1227 1021 ἐπιτετειχικὼς
1246 942 1303 1028 τρί’

103 1036 106 1041 ’
173 1032 300 1112 ίομιιιρῖ.
323 1045 354 1105 p.
376 1029 451 1091 921.
466 1024 504 1083 Α.
520 1030 613 1090 1049.
633 1024 672 1086 C.
693 1037 726 1083 at
746 1023 869 1083 variata
887 1037 1065 1101 structura,
1096 1025 1292 1107 ἐπιτειχίσαν-

174 1140 223 1188 τες
236 1108 289 1185 τὰς
303 1113 427 1188 ψευδεῖς
447 1102 536 1185 δόξας
556 1106 632 1173 κατὰ
650 1114 706 1188 τοῖς
724 1106 872 1190 ἀληθείας
888 1128 921 1188 p·
938 1114 1012 1176 814.
1030 1106 1066 1173 C.
1083 1114 1160 1178 946·
1180 1108 1235 1175 .E.
1250 1124 1290 1171 ut

176 1199 243 1261 ella
259 1198 359 1255 multa
376 1192 644 1274 praetermittam,
667 1194 703 1252 in
718 1214 863 1277 quorum
887 1193 1036 1255 versione
1047 1214 1288 1275 saepenumero

174 1296 225 1346 est
239 1291 418 1363 peccatum.
461 1276 549 1341 Sext.
566 1276 680 1361 Empir.
696 1278 737 1340 V.
752 1283 783 1353 0.
797 1286 828 1350 2,
851 1275 1067 1361 ἐπηρεάζοντες
1077 1284 1123 1365 τῷ
1137 1280 1216 1364 βίῳ,
1237 1306 1289 1363 με.

98 1415 101 1422 .
173 1363 272 1455 μάίην
287 1360 315 1427 d’
331 1359 408 1444 ἡμῖν
430 1363 652 1445 ἐπιστομίζοντες
671 1366 926 1447 δεισιδαιμονίαν·
949 1384 1075 1423 sensum
1097 1364 1288 1433 evertitis-

175 1467 316 1532 terpres‚
343 1451 425 1508 etin
445 1447 532 1507 nobis
557 1470 697 1530 magnam
720 1464 861 1508 struentes
874 1451 1121 1530 'cispetatitionem
1166 1449 1230 1511 Hit
1251 1451 1287 1511 itt

176 1535 335 1615 exemplis
359 1532 452 1595 rebus
479 1546 626 1614 aptatur:
650 1538 718 1594 non
741 1531 849 1593 miuus
867 1536 1030 1615 eleganter
1053 1528 1204 1615 personis
1225 1535 1285 1596 ad·

69 1666 72 1671 .
176 1625 235 1708 jun
260 1618 379 1681 isolct.
422 1615 521 1698 Apud
533 1616 674 1678 Philostr.
689 1618 726 1675 in
739 1616 818 1677 Her.
833 1638 867 1698 p.
887 1618 962 1684 710.
1006 1617 1141 1699 Ulysscs
1162 1640 1183 1679 a
1196 1620 1285 1681 Pala·

176 1642 269 1769 metIe
283 1715 449 1783 superatus
463 1702 635 1784 ἐνετείχιζεν
649 1698 731 1789 αὐτῷ
752 1698 807 1766 τὸν
822 1699 1047 1786 Ἀγαμέμνονα.
1068 1702 1192 1765 Brutus
1210 1706 1285 1765 An-

175 1787 271 1850 tonio
285 1806 418 1869 parcens
439 1788 537 1850 αίτίοιν
558 1789 641 1868 ίσχεν
662 1788 836 1869 ἐπιτειχίσαι
855 1794 893 1868 τῆ
914 1790 1091 1868 συνωμοσία
1110 1785 1212 1871 dapis
1233 1793 1285 1855 nni

175 1872 328 1956 δύςμαχον
347 1873 505 1954 πολέμιον·
534 1871 688 1934 Plutarch
712 1873 747 1932 iu
769 1872 860 1934 Brut.
874 1853 1031 1932 'imitatur
1059 1852 1171 1935 lutor.
1187 1874 1282 1937 Peles.

167 1954 221 2026 11.
238 1960 301 2041 Ep.
327 1962 399 2025 146.
421 1955 490 2018 Jol.
516 1955 661 2040 Chrysost.
686 1954 736 2018 ed.
759 1956 829 2019 Par.
852 1959 891 2019 T.
910 1957 985 2018 vlt:
1007 1978 1037 2038 p.
1058 1964 1133 2026 423.
1157 1960 1203 2025 D.
1233 1958 1286 2036 τὰς

173 2042 402 2127 πορνευομένας
430 2050 579 2127 γυναῖκας
612 2048 676 2117 ταῖς
713 2040 946 2123 σωῲρονοιίσαις
976 2044 1209 2127 inscriptorum·
1251 2059 1282 2106 et

175 2150 209 2213 p.
230 2135 302 2199 500.
321 2129 367 2187 D.
393 2148 476 2212 quae
497 2141 634 2209 utraque
655 2129 791 2209 pessime
809 2142 1001 2200 vertuntur:
1023 2132 1135 2210 paullo
1156 2127 1282 2214 quidem

161 2216 284 2294 'aptius
300 2214 339 2277 T.
353 2213 381 2276 I.
398 2232 431 2293 p.
453 2219 528 2281 241.
549 2211 587 2276 B.
604 2216 654 2277 dai
671 2219 711 2298 τῇ
723 2220 784 2278 τῶν
805 2214 930 2283 cicensis
951 2216 1120 2301 κακουργίᾳ
1136 2212 1211 2289 τους
1227 2212 1281 2295 dp·

172 2296 312 2380 θαίμούς
329 2300 557 2379 ἐπιστομίζεσθαι
575 2303 631 2376 τῆς
647 2300 824 2381 παρθένου,
845 2296 902 2358 sod
930 2298 977 2357 ita
998 2311 1125 2375 tamen,
1156 2304 1195 2361 ut
1218 2300 1289 2369 vim.

173 2383 353 2446 locutionis
366 2383 499 2442 minime
512 2396 710 2464 perspectam
732 2384 833 2444 fuisse
851 2396 974 2464 pateat:
996 2403 1108 2461 verum
1127 2382 1165 2445 iu
1189 2384 1280 2445 Anti·

174 2469 251 2528 stite
276 2466 486 2527 disertissimo
515 2467 645 2549 saepius
670 2465 710 2525 ad
737 2467 801 2527 hoc
819 2462 950 2528 verbum
971 2466 1193 2541 offenderunt.
1236 2470 1278 2533 A.

174 2554 315 2614 Doztnnea'
329 2568 406 2612 nota
421 2550 474 2612 ed.
493 2550 593 2625 Eton.
610 2552 650 2612 T.
666 2550 759 2613 VIII.
775 2573 807 2633 p.
835 2558 908 2618 237.
925 2566 957 2612 ct
971 2551 1173 2629 correctione
1185 2572 1279 2638 ptnva

97 2632 100 2636 ’
173 2650 206 2697 et
221 2657 403 2697 errorenon
424 2656 491 2696 uno
513 2635 653 2708 laborat3
677 2638 769 2717 cujus
794 2636 921 2719 generis
935 2640 1028 2717 plura
1043 2640 1206 2711 cumulare
1215 2659 1278 2699 non

172 2720 274 2783 lubet.
318 2722 371 2780 Ex
386 2719 483 2779 dictis
499 2734 605 2780 autem
627 2735 696 2779 tum
711 2720 862 2781 vocabuli
880 2721 1050 2800 virtutem,
1074 2736 1145 2783 tum
1158 2722 1195 2784 in
1210 2722 1280 2783 Ina

146 2868 149 2873 ,
174 2811 262 2868 cinno
276 2805 433 2883 formulae
448 2819 601 2866 venustae
616 2818 808 2884 potestatem
830 2802 958 2866 abunde
971 2820 1121 2869 constare
1133 2806 1278 2871 arbitror.

172 2890 342 2952 Nonnulla
371 2886 460 2951 didit
489 2888 629 2950 Budaeus
651 2889 689 2952 C.
720 2890 762 2951 L.
783 2891 823 2956 G.
853 2911 886 2972 p.
917 2894 992 2958 559.
1017 2892 1156 2955 Hennam
1197 2889 1280 2973 (aod.

103 2995 107 3000 '
172 2979 269 3043 2954.
295 2972 390 3035 babet
420 2977 663 3056 ἐπιτειχίσαντες,
693 2989 726 3036 et
746 2978 828 3060 Aug.
849 2978 1091 3059 ἐπιτειχίσαντας.
1121 2975 1207 3037 Satis
1219 2980 1280 3059 jam

171 3059 378 3121 auctoritatis
402 3060 440 3118 ad
464 3058 661 3141 probandam
683 3058 792 3121 Solnni
814 3065 1048 3143 conjecturam,
1071 3080 1155 3141 quae
1174 3062 1227 3123 nel
1246 3062 1281 3121 iu

171 3168 207 3207 ae
234 3147 304 3226 ipss
334 3165 479 3227 magnam
506 3142 602 3205 habet
625 3143 905 3226 probabilitatem,
937 3166 1032 3230 quum
1056 3146 1180 3209 Plurali
1200 3166 1281 3228 opus

171 3232 216 3289 cit
240 3229 280 3290 ob
301 3228 485 3311 Subjectum
513 3226 587 3304 τούς
607 3225 754 3308 κόλακας,
783 3244 817 3291 et
837 3230 1047 3313 praecedens,
1078 3244 1281 3315 attenuent.

169 3312 291 3376 Ianum.
1103 3342 1107 3351 ¹
1249 3324 1252 3329 ’

256 3397 332 3460 Ean.
355 3400 377 3457 1.
399 3401 429 3466 5.
455 3395 617 3477 Ἰδιῶτας)
645 3397 705 3464 Ed.
729 3399 759 3464 J·
782 3396 1015 3484 ἀγραμμάτους,
1035 3398 1128 3484 'quod
1148 3400 1283 3462 minime

170 3481 400 3560 spernendum,
425 3484 567 3567 quamvis
589 3489 744 3568 glossema
759 3488 874 3566 sapiat.
898 3487 1025 3548 Souara.
1070 3484 1161 3569 Ergo
1176 3500 1281 3547 tamen

169 3566 400 3647 spernendum,
426 3587 616 3651 quamquam
633 3570 729 3631 etiam
754 3569 788 3628 iu
803 3570 840 3634 A.
856 3579 885 3638 2.
902 3572 1067 3650 reperitur.
1093 3564 1217 3639 Licuit.

256 3650 333 3712 Εοιί.
356 3656 423 3718 1.7.
453 3660 518 3717 Τῶν
534 3662 716 3734 φιλοσοφεῖν
730 3663 861 3737 nonen.)
883 3655 1044 3716 Omissum
1062 3652 1168 3734 τινὰς,
1187 3652 1280 3739 ¹quod
1308 3688 1312 3695 ·

169 3734 290 3795 Atticis
316 3752 347 3796 et
369 3737 492 3799 Platoni
510 3740 672 3819 frequens.
695 3740 820 3821 Diogen.
842 3740 881 3802 L.
898 3741 952 3818 Il,
981 3748 1050 3809 183.
1072 3738 1153 3803 Luc.
1177 3741 1218 3805 A.
1243 3740 1279 3805 A.

169 3817 263 3895 XXI,
283 3828 332 3887 16.
350 3822 425 3881 vide
440 3822 478 3886 Is.
496 3820 716 3885 Cusaubon.ad
731 3826 770 3883 A.
786 3828 822 3887 A.
839 3825 895 3899 VI,
909 3832 939 3890 7.
967 3845 1159 3909 quamquam
1183 3825 1214 3885 ie
1237 3830 1281 3885 lo·

171 3919 247 3981 ons,
278 3906 504 3986 meojudicio,
530 3930 594 3968 non
618 3907 743 3992 indiget
761 3907 826 3969 hoc
853 3908 1009 3971 subsidio.
1055 3908 1137 3969 Cum
1166 3908 1279 3971 horum

171 4004 277 4049 autern
297 3984 480 4067 hominum,
507 3993 564 4073 qui
579 3993 675 4052 titulo
700 4009 792 4053 tenus
815 4005 907 4053 erant
927 3991 1139 4074 philosophi,
1163 3988 1278 4057 descri-

171 4074 286 4156 μείονα
300 4096 445 4156 compara
459 4077 548 4136 Dion.
576 4076 719 4157 Chr->nost
744 4075 800 4138 Or.
825 4076 1015 4139 LXXVIII.
1032 4101 1063 4161 p.
1076 4084 1152 4146 660.
1168 4086 1224 4143 καί
1234 4100 1278 4143 τοι

170 4160 201 4223 τί
212 4183 286 4227 ποτε
297 4155 459 4245 βούλονται
470 4166 531 4225 τοῖν
543 4166 702 4247 μακαρίαν
722 4160 801 4235 τινὲς
817 4161 1049 4249 ’θεραπεύεσθαι
1065 4158 1146 4252 πρὸς
1159 4156 1276 4251 detti
