2640 4680
539 170 680 209 ·r·,

143 329 149 357 '
355 332 911 408 nurrsto'rsuln',
1101 336 1174 410 351
1266 344 1269 356 '

100 497 1154 524 „mmm-*Q

831 626 834 631 -
889 590 947 647 ''l¹.t,.¹

347 759 427 837 1n
488 698 907 857 ursrousur„
994 835 1002 848 ,

147 933 222 1018 Peg.
245 937 380 1004 66’.1.1.
409 936 579 1011 ΤΙΜΩΝ)
605 933 699 994 Aetas
723 931 818 1016 hujus
847 930 934 995 unde
959 945 1047 1000 certo
1070 932 1190 1028 afflig.-

63 1035 174 1099 netur,
200 1019 285 1080 nihil
298 1035 355 1081 est.
402 1018 462 1079 Sed
478 1019 562 1079 inter
574 1018 707 1079 Luciana'
731 1020 853 1105 optima
868 1019 982 1081 merito
996 1023 1184 1092 censeatur(

64 1104 271 1169 Comoedianr
294 1104 390 1167 habes
422 1102 708 1187 elegantissimum,
739 1105 858 1185 inqua
880 1103 1080 1180 adulatorum
1104 1132 1172 1172 non

62 1186 160 1257 unius
175 1190 299 1274 generis
314 1211 416 1250 mores
432 1194 576 1272 artesque
590 1186 741 1271 graphice
757 1188 926 1270 admodum
943 1189 1074 1272 depicti,
1099 1210 1172 1256 cum

63 1278 137 1338 aliis
155 1272 468 1344 multised'tlivitias
484 1271 721 1354 spectantibus,
745 1273 827 1332 nriro
848 1271 987 1334 artificio
1012 1277 1173 1340 exhiberi.
1215 1299 1219 1307 ·

60 1376 124 1421 tur.
169 1360 243 1419 Hoo
258 1362 446 1443 opuseulum
462 1357 520 1440 qui
542 1379 613 1416 cum
635 1357 850 1441 Aristophanis
871 1352 1169 1443 Pluo'contsterir,
1196 1377 1198 1381 “
1243 1382 1247 1393 “
1270 1349 1282 1357 η’

60 1451 214 1529 palmum,
246 1443 273 1502 si
295 1464 419 1504 meeum
445 1441 579 1518 sentiat,
610 1438 688 1502 huic
708 1444 820 1503 Nostro
843 1443 952 1503 multis
973 1443 1012 1504 tle
1033 1449 1171 1528 caussis,

61 1552 140 1613 quas
157 1528 211 1586 hic
229 1549 373 1588 euertere
386 1526 483 1586 nimis
499 1531 633 1608 longum
655 1526 758 1602 foret,
783 1527 909 1602 deberi,
934 1529 1030 1589 facile
1052 1553 1172 1594 conoe·
1230 1568 1231 1572 =

61 1615 125 1675 det.
151 1615 279 1675 Sonnu.
323 1606 570 1697 Nobilissimum
586 1632 645 1693 ego
669 1610 733 1670 hoo
752 1612 885 1673 Luciuni
905 1614 1057 1693 seriptum
1077 1620 1171 1698 juxte
1256 1654 1260 1660 .

62 1723 133 1760 cum
162 1696 296 1757 eruditis
328 1693 515 1755 hominihus
544 1693 683 1755 admiror
708 1696 745 1756 et
769 1698 934 1783 permagni
955 1698 1059 1760 facio:
1091 1699 1172 1783 quid

62 1785 147 1846 enim
162 1804 200 1842 eo
216 1782 328 1862 purius
344 1795 408 1857 est,
432 1795 461 1840 st
476 1778 516 1839 ad
530 1796 670 1840 veterem·
692 1780 897 1862 eloquentiae
921 1783 1087 1842 formulam
1105 1778 1170 1845 mo'.
1205 1777 1212 1787 ’

62 1872 110 1953 gis
127 1865 366 1946 compositum?
391 1864 468 1946 quid
485 1864 597 1926 itidem
611 1864 754 1947 argutius
768 1864 876 1944 hebes,
896 1882 928 1928 et
942 1868 1168 1949 ingeniosius?

61 1976 134 2012 nam
154 1965 237 2011 certe
254 1951 382 2011 lectoris
398 1950 508 2009 hurum
533 1951 850 2032 elegantiarumnon
874 1951 1014 2032 expertis
1031 1968 1169 2015 tuentem

60 2040 279 2117 inexspectata
303 2041 469 2115 voluptate
485 2033 662 2114 perfundit.
707 2035 746 2092 In
765 2034 846 2092 hanc
870 2036 979 2115 itaque
995 2046 1100 2112 curem
1117 2037 1168 2097 in.
1190 2088 1193 2094 ⁴
1230 2088 1240 2101 ,

59 2122 242 2182 cubuerunt
256 2120 433 2180 doctissimi
454 2119 534 2193 viri,
559 2132 596 2176 nt
618 2118 860 2197 mellitissimum
876 2118 940 2177 hoc
958 2118 1084 2202 ingenii
1097 2122 1166 2181 Lu·

60 2206 165 2265 ciunei
193 2219 433 2263 monumentum
467 2203 650 2281 expolirent
685 2202 783 2282 utque
810 2201 1022 2273 illustrarent:
1061 2226 1167 2287 neque

60 2289 139 2349 adeo
156 2310 211 2348 sua
226 2287 320 2348 leude
341 2285 517 2347 fraudantis
541 2301 588 2348 est
612 2285 787 2368 Tanaquilii
807 2285 916 2361 Fabri,
940 2286 1080 2348 hominis
1104 2294 1167 2355 ele.

58 2377 180 2458 gantis,
204 2394 316 2455 opera,
343 2392 436 2454 quam
458 2372 492 2430 in
507 2369 714 2432 hooLuciani
736 2370 858 2451 scripto
880 2371 1006 2432 utiliter
1027 2378 1163 2436 colloca·

56 2461 124 2520 vit:
148 2459 233 2517 hune
250 2479 312 2517 non
329 2456 472 2539 passibus
489 2455 597 2538 eequis
614 2471 646 2515 et
659 2460 760 2537 longo
775 2454 853 2514 setis
871 2455 1044 2518 intervallo
1058 2460 1164 2541 sequi.

57 2559 109 2603 tur
122 2542 298 2603 Lambertus
318 2534 480 2616 Barlaius3
495 2541 594 2620 ‘cujus
610 2540 644 2597 in
668 2541 821 2600 Timonem
835 2538 961 2600 lebetes
975 2539 1164 2625 diligentiae

57 2628 190 2712 gloriam
208 2641 291 2686 uerte
307 2641 338 2686 et
354 2624 506 2708 propensi
520 2625 556 2682 in
572 2625 681 2684 literas
698 2625 798 2698 enimi
813 2639 990 2695 merentur:
1011 2632 1073 2710 ego
1087 2642 1164 2706 post

57 2712 138 2772 ulios
165 2711 282 2770 lineam
303 2710 336 2768 in
360 2711 420 2770 hac
441 2709 548 2769 tabula
571 2706 686 2769 ducere
713 2709 886 2786 constitui,
918 2723 950 2770 et
976 2709 1046 2775 fors
1066 2731 1162 2793 ‚ope-

55 2818 108 2856 rae
142 2796 279 2876 pretium
310 2795 425 2855 fecisse
456 2793 607 2870 videbor,
652 2793 680 2852 si
716 2783 895 2855 'accuratius
919 2794 1086 2876 'quaedam
1120 2812 1162 2858 ex
1244 2794 1249 2803 ⁸

55 2879 269 2960 Aristophanis
295 2879 403 2939 fabula
435 2879 523 2939 Pluto
550 2885 621 2939 loca
647 2896 954 2954 commonstrarem,
985 2901 1065 2962 quse
1097 2878 1161 2943 sibi
1231 2900 1235 2929 ἐ

54 2966 227 3048 proposuit
247 2961 401 3023 imitanda
418 2963 591 3042 Lucienus5
614 2963 780 3023 nonenim
799 2961 874 3023 inde
897 2963 1012 3044 scripti
1038 2964 1164 3044 praeci.-

53 3072 152 3132 puum
182 3046 404 3127 tantummodo
431 3063 669 3130 argumentum,
713 3063 821 3106 vetum
852 3049 948 3107 etiam
976 3049 1159 3109 locutiones

52 3132 461 3208 nonnullasetssntentias
484 3129 649 3192 desumsit.
693 3130 755 3192 Sed
771 3145 845 3212 post
867 3132 944 3192 Tan.
961 3123 1091 3192 Febrem
1105 3130 1169 3193 ret-⁶
1246 3143 1269 3181 Γ
1312 3120 1314 3127 ’

53 3233 161 3295 stant,
186 3238 267 3296 quae
289 3213 327 3277 de
343 3217 480 3276 Timone
503 3215 737 3296 praedicantum
762 3237 865 3297 neque
884 3217 968 3276 enirn
984 3230 1075 3275 tanto
1096 3233 1156 3279 not

54 3302 141 3360 hunc
170 3301 334 3360 hominem
369 3300 461 3376 odio,
492 3314 613 3384 quanto
640 3300 695 3360 ille
724 3322 823 3383 genus
848 3321 941 3360 omne
968 3298 1154 3381 humanum,

53 3387 288 3469 prosequimur,
305 3390 355 3446 vel
371 3402 501 3467 propter
515 3384 604 3444 huno
617 3376 721 3445 solrim
733 3385 864 3445 Luciuui
875 3383 977 3444 nostri
992 3378 1136 3445 libellum
1144 3380 1160 3451 t
1192 3405 1194 3409 ·

54 3490 127 3528 nem
144 3471 202 3530 hos
217 3475 285 3552 ejus
299 3492 400 3534 mores
417 3469 563 3530 infir-etos
582 3469 665 3530 stab
682 3469 846 3529 hominurn
863 3467 1085 3550 congressibus
1100 3469 1156 3528 ah·

52 3551 217 3615 horrentes
232 3560 310 3615 male
333 3555 452 3614 nititur
463 3576 611 3616 excusare
634 3553 739 3614 Faber.
784 3548 1157 3634 SanePlutonisEpistt·r
1215 3570 1218 3583 '

51 3637 130 3697 laea
147 3638 380 3701 LeoneAllon'o
402 3639 598 3720 publicatae,
623 3637 800 3719 sophistica
819 3640 925 3718 potius
944 3637 1156 3706 sententiola.

51 3744 121 3781 rum
137 3722 293 3801 ludibria,
318 3746 409 3807 quam
427 3721 567 3783 nativam
584 3724 740 3806 principis
756 3720 946 3805 philosophi
961 3723 1155 3804 gravitatem
1191 3770 1195 3786 r

52 3807 194 3887 spirant:
231 3827 343 3870 eontra
368 3823 432 3870 stat
457 3823 594 3872 veterum
621 3809 811 3886 auctoritas,
834 3808 986 3888 sineque
1009 3805 1093 3864 nihil
1115 3805 1154 3869 in

49 3889 274 3970 hujuscemodi
297 3884 393 3954 rebus
415 3894 508 3954 licet:
542 3893 757 3975 Aristophanes
777 3894 810 3952 in
832 3890 1000 3978 Lysistratus
1021 3911 1052 3972 p.
1074 3897 1153 3958 887.

49 3976 215 4057 ingenium
236 3980 381 4039 Timonis
403 3979 611 4038 inhumanum
636 3983 700 4039 sale
725 3977 859 4038 Cornieo
883 3976 1033 4050 defricet,
1057 3989 1097 4038 et
1114 3973 1153 4035 itt

48 4061 166 4121 Avibus
182 4062 313 4123 deorum
334 4064 566 4146 hominumque
591 4085 714 4125 osorem
736 4077 832 4123 vocat
853 4056 992 4147 καθαρὸν
1019 4061 1151 4138 Τίμωνα,

48 4169 158 4206 merum
176 4149 344 4212 Timonem:
374 4163 569 4234 quopropter
589 4160 624 4212 st
642 4148 758 4213 merito
778 4146 999 4236 praesensisset
1023 4161 1152 4226 coma
