2640 4680
114 334 245 412 ·520
365 346 1009 398 ·snn0rs'rrosrrss

170 523 230 588 pro
244 478 334 565 reiro
347 496 401 580 μὲν
417 497 472 575 (ex
486 496 542 557 tae
557 494 674 581 quidem
686 492 787 581 purte)
809 497 949 581 ἐργῶδες,
970 496 1062 560 terito
1082 491 1117 559 di
1135 492 1189 558 set
1207 487 1268 577 ridi·

170 590 218 650 At
231 604 307 647 vero
330 581 378 642 sio
401 579 634 642 desideraretur
648 580 834 662 subjeetum
850 578 1040 658 sententiae,
1063 592 1099 641 et
1120 584 1204 642 male
1219 600 1269 663 per
1304 614 1307 619 ·

173 683 359 753 sequentem
381 686 492 727 vocem
524 664 620 740 ditiore
645 666 832 749 procederet
863 658 985 743 oratio.¹
1034 664 1098 726 His
1128 652 1268 725 omnibds

173 751 390 836 impedivioris
404 751 470 813 loci
489 748 734 811 difficultatibus
754 756 817 831 jem
841 751 888 812 sie
911 748 1064 831 putabam
1083 749 1208 833 optime
1217 770 1270 812 or-

173 839 280 909 curri,
304 837 332 895 si
349 857 408 911 eo,
433 856 525 916 quem
541 836 779 898 Hemsterlsusius
800 822 982 913 constituit,
1005 832 1182 897 verborum
1197 832 1270 896 ordi·
1307 872 1313 933 ι

173 946 217 989 ne
233 945 270 983 sc
285 942 372 981 nexu
385 924 525 999 recepto,
548 942 608 1000 pro
623 919 719 987 τούτω
734 925 815 981 male
831 936 863 983 et
877 935 1014 981 sonante
1030 934 1066 983 et
1087 918 1270 983 cohaerente
1308 958 1313 1007 Ι

174 1027 312 1091 reponas
328 1001 430 1086 ταύτῃ,
441 1003 528 1065 huno
545 1006 580 1064 in
596 987 742 1069 modum:
767 1007 820 1070 καὶ
836 1011 865 1072 εἰ
877 1004 970 1094 ταύτῃ
980 1016 1018 1089 'ys
1036 1007 1169 1089 ἐργῶδες
1180 1010 1280 1081 voire.
1308 1012 1313 1049 ¹

173 1088 298 1174 truisidd
312 1088 600 1169 ὅλλωςὴφροντὶς,
633 1089 689 1156 οὐκ
707 1087 821 1174 ἀτερπῆ
836 1088 946 1174 ἔχουσά
963 1115 1032 1156 τινα
1047 1087 1224 1173 διατριβὴν,
1243 1102 1270 1149 et
1309 1080 1313 1111 ¹

175 1178 240 1241 boc
257 1195 373 1237 sensu:
394 1173 461 1236 Etsi
474 1175 514 1234 ud
530 1175 587 1236 bac
621 1175 718 1239 uidem
728 1193 815 1259 purte
831 1173 1020 1259 (quodeura
1033 1175 1163 1237 seilicet
1175 1173 1270 1257 aliqua
1307 1174 1313 1235 Ι

177 1261 315 1349 gerenda
328 1260 391 1333 eet)
414 1274 564 1342 operosum
577 1201 657 1321 iliud
668 1265 718 1338 eit,
742 1262 781 1322 ab
797 1260 971 1323 alterumn
989 1264 1080 1321 etium
1101 1282 1193 1321 suove
1209 1254 1271 1344 pu'id
1309 1244 1313 1352 ξ

174 1364 219 1423 ¹est
243 1345 300 1407 illa
321 1368 408 1422 euro,
440 1368 499 1405 nors
520 1344 714 1426 injucundam
739 1344 890 1429 qnondam
913 1346 1022 1408 babens
1046 1346 1271 1427 occupationes.
1308 1353 1313 1379 ¹

175 1430 345 1514 Numquid
359 1453 508 1512 ageremus
521 1452 574 1489 nos
589 1444 649 1490 ete.
674 1430 728 1491 sie
741 1451 807 1490 non
822 1435 925 1492 solum
940 1430 1060 1511 optime
1077 1426 1271 1511 sibires'pon·
1309 1422 1312 1429 ’

176 1516 256 1578 dent
267 1510 360 1603 ταύτῃ
374 1528 407 1573 et
423 1512 528 1591 ἄλλως,
552 1511 607 1573 sed
625 1514 721 1575 etiam
739 1514 843 1574 facilis
855 1531 903 1576 est
917 1512 1154 1576 sententiarum
1170 1532 1269 1590 nexus,

176 1616 211 1665 et
225 1604 307 1659 clare
321 1598 503 1659 Promethei
522 1597 780 1681 argumentatio,
802 1614 911 1661 utneo
926 1616 1007 1683 opus
1025 1598 1069 1659 sit
1088 1618 1164 1658 eum
1183 1596 1272 1659 Hern-

108 1696 120 1708 ‘
161 1685 321 1748 'steriusio
336 1679 474 1745 'statuere
490 1688 639 1744 lacunam
653 1684 794 1767 aliquem
808 1689 860 1745 vel
875 1688 991 1753 saltum
1006 1684 1042 1743 in
1060 1672 1272 1744 demonstran·
1305 1730 1313 1800 Ι

179 1769 233 1829 do.
279 1770 357 1832 Καὶ
379 1770 414 1832 εἰ
434 1790 511 1829 vero
528 1766 576 1826 nil
589 1783 649 1847 est,
671 1768 735 1829 nisi
751 1773 814 1845 ersi,
838 1785 870 1832 et
884 1775 965 1830 mele
977 1769 1045 1853 egit
1060 1766 1272 1843 &inridente
1307 1802 1313 1837 ι,

179 1852 269 1939 quod
285 1854 341 1913 bas
357 1874 452 1914 voces
468 1854 658 1937 segregavit.
678 1852 757 1916 Vid.
774 1853 813 1914 ad
831 1854 960 1915 Timon.
978 1875 1005 1915 o.
1024 1859 1078 1921 40.
1101 1854 1223 1917 Lana.

265 1939 340 2021 Pug-
366 1944 436 2006 137.
458 1941 481 2001 l.
508 1948 535 2003 1.
563 1935 763 2022 Ἤργοῦμεν)
785 1940 839 2000 δίο
861 1940 896 1999 in
910 1939 1059 2000 Timone.
1104 1936 1273 1999 Honore·
1309 1932 1313 1945 '

181 2044 251 2087 cem
267 2022 464 2104 interpretor
479 2021 570 2087 alibi.
602 2020 740 2108 Reiiqus
755 2023 852 2107 hujus
869 2023 1003 2107 Dialogi
1021 2020 1109 2103 apud
1123 2022 1276 2087 Homerum

180 2123 216 2171 et
238 2107 313 2169 dial.
335 2128 401 2188 seqt
423 2111 513 2192 cujus
536 2122 641 2173 tumen
663 2108 737 2170 finis
750 2110 832 2171 alius
847 2107 975 2173 videtur
990 2130 1009 2168 e
1024 2107 1092 2170 fine
1105 2104 1205 2191 hujus
1218 2102 1275 2167 dis·
1302 2116 1305 2123 '

180 2193 262 2257 loi.
307 2193 439 2255 Bonna.
1115 2238 1118 2243 -

218 2214 238 2278 g
268 2277 345 2340 Eud.
367 2283 389 2341 l.
412 2284 444 2346 6.
480 2274 573 2362 ”Apri
587 2280 639 2361 μὲν
653 2283 785 2367 ταῦροι)
806 2279 936 2362 Jupiter
951 2277 986 2357 in
1003 2291 1132 2339 tannem
1145 2288 1276 2339 mutatos

181 2365 350 2444 Europam
364 2363 490 2445 repuit3
516 2365 550 2423 in
571 2365 720 2447 Satyrum
737 2366 981 2426 transformatus
998 2360 1278 2443 Antiopeuitia·

160 2452 163 2459 '
183 2450 252 2521 vit3
276 2447 310 2505 in
327 2452 469 2524 olorem,
488 2447 612 2510 Ledam
628 2450 861 2514 velNemesim.
904 2450 1015 2509 Bnon.

269 2530 346 2594 Eae.
368 2535 391 2593 l.
414 2539 446 2597 t.
468 2528 530 2608 ’Ἓξ
562 2526 690 2611 αὐτῶν)
728 2534 781 2597 Ex
809 2538 882 2595 isis
908 2532 1080 2595 mulieribus
1106 2546 1277 2615 procreator·
1307 2581 1308 2586 1

182 2614 297 2682 Beer).
342 2615 373 2676 A
397 2636 492 2677 sensu
515 2616 630 2687 horum
644 2560 852 2699 percipiendo
866 2621 964 2700 longe
985 2617 1164 2678 abfuerunt
1184 2618 1280 2679 inter·
1309 2627 1311 2696 ζ

174 2714 300 2785 pretet.
345 2703 392 2763 Ut
403 2705 515 2777 παῖδας
533 2711 687 2767 ποιεῖσθαι
701 2703 734 2768 ἐκ
748 2698 893 2787 γυναικὸς
912 2700 1137 2764 creberrimum
1155 2717 1222 2785 est,
1240 2700 1279 2761 tir

182 2786 394 2863 Prometheus
417 2784 472 2847 bio
491 2807 644 2872 perquam
664 2789 786 2866 facete,
809 2801 932 2849 mutata
947 2785 1105 2849 nonnihil
1117 2788 1279 2849 locutione
1309 2791 1312 2838 ’ἰ

183 2871 281 2950 θεοὺς
292 2881 447 2939 ποιεῖσθαι
463 2868 567 2934 dixit:
588 2872 664 2943 illos
681 2874 766 2935 euim
782 2874 871 2957 ipsos
884 2874 996 2949 De0s‚'
1018 2870 1075 2955 qui
1091 2892 1126 2934 se
1140 2886 1208 2935 tem
1221 2890 1279 2957 gre·
1311 2937 1313 2950 Ι

184 2958 271 3021 viter
289 2960 330 3019 ob
347 2962 502 3018 formatos
518 2956 666 3020 bomines
681 2957 851 3034 ndousent,
874 2972 965 3019 tanto
982 2957 1017 3016 iu
1031 2959 1186 3019 mortales
1201 2954 1280 3017 femi-

185 3063 243 3102 nss
269 3041 415 3104 libidinis
436 3042 549 3105 ardore
564 3043 658 3124 ferri,
680 3059 719 3104 ut
739 3048 859 3105 nullam
876 3062 943 3103 non
962 3042 1099 3102 formem
1120 3054 1281 3127 quantum·

185 3128 238 3186 sris
268 3126 453 3190 indecorum
478 3124 650 3190 induentes
672 3129 868 3209 perlibenter
891 3149 963 3188 eum
992 3125 1035 3186 iis
1056 3132 1281 3201 eonsuesoto23
1317 3181 1318 3202 3

186 3210 310 3273 liberos
329 3213 427 3275 etiam
440 3215 531 3274 Deos
541 3234 591 3273 -ex
605 3213 647 3277 iis
663 3234 830 3298 procreare
847 3233 884 3274 ao
906 3211 1069 3297 suscipere
1093 3208 1187 3273 baud
1200 3206 1284 3273 dedi·
1314 3214 1317 3223 '

188 3311 340 3379 gnentur.
384 3299 521 3360 Hunisn.

272 3381 351 3447 Eud.
374 3385 396 3445 1.
421 3386 471 3452 15.
503 3380 588 3450 Μετ’
600 3379 652 3468 sip·
667 3384 867 3466 Αἰθιοπῆας)
887 3381 1026 3444 Adiudit
1037 3380 1080 3461 ad
1092 3384 1205 3445 lotum
1218 3376 1288 3443 He-

188 3469 263 3526 men'
282 3466 322 3528 ΙΙ.
337 3467 382 3529 A.
402 3476 475 3536 423.
518 3468 692 3532 Eustutbius
718 3468 760 3531 ad
777 3490 849 3531 eum
862 3474 969 3531 locum
984 3481 1072 3530 reete
1087 3463 1289 3528 animadver-

189 3549 244 3628 tit,
266 3551 386 3630 respici
402 3552 577 3635 superioris
593 3555 738 3639 Aegypti
752 3557 886 3631 incolas,
911 3554 968 3637 qui
986 3550 1108 3614 Thebis
1124 3572 1185 3613 seu
1196 3548 1289 3611 Dios-

189 3633 261 3717 poli
276 3632 447 3697 duodecim
462 3636 529 3700 dies
549 3641 650 3702 festos
665 3640 743 3703 Jovi
757 3636 971 3701 celebrabant.
1007 3636 1168 3701 Similiter
1182 3636 1290 3701 [mes

190 3744 246 3780 nus
267 3719 313 3777 ita
335 3720 558 3785 Prometheum
582 3724 622 3786 de
646 3723 762 3787 nidore
786 3723 936 3789 seoriiioii
958 3727 1146 3804 loquentem
1168 3716 1293 3782 inducit

190 3805 218 3886 ᾗ·
236 3809 286 3871 19.
311 3800 374 3888 ὁρῶ
395 3807 426 3873 δὲ
449 3802 599 3889 deiecto.
642 3809 703 3871 Ille
727 3808 826 3872 nidor
850 3822 918 3871 erat
939 3806 1031 3869 cibus
1046 3808 1214 3881 Deorum
1237 3802 1294 3865 fu-

190 3910 262 3949 mus
276 3892 353 3950 veio
364 3890 569 3974 ’θυμιαμάτων
588 3892 684 3955 thure
704 3894 840 3977 aliisque
861 3890 1055 3953 aromatibus
1078 3889 1296 3953 constantium

189 3989 310 4054 potus,
335 3976 392 4060 qui
408 3975 575 4042 dicebatur
591 3979 722 4064 Νέκταρ.
743 3977 819 4043 Vid.
837 3977 879 4045 ed
896 3971 1025 4039 Hesiodi
1038 3974 1164 4063 Theog.
1180 3978 1295 4045 mdio-

190 4057 297 4121 Cena.

274 4145 353 4231 Peg.
380 4153 496 4221 138.l.
520 4156 554 4221 1.
582 4145 734 4229 misere)
754 4139 984 4247 Legeslomiv.
1022 4144 1148 4210 Bnoo.·
1178 4164 1186 4183 ⁸
