2640 4680
73 1630 78 1641 ¹
169 1637 253 1679 ,rem
267 1611 411 1694 pellexit.
457 1609 594 1669 Occasio
610 1608 748 1693 Dialogi
770 1625 902 1671 acantu
919 1609 996 1672 Alce

186 314 282 426 ffit
388 313 1016 414 lannorsrrouns

613 766 616 774 ’
630 776 639 805 r

400 1009 481 1088 tn
544 948 1076 1089 nanctonnn

182 1284 185 1292 '
274 1272 544 1357 Pag.115.1.1.
583 1274 790 1344 ΑΛΚΊὨΝ)
818 1270 1021 1354 Halcyonem
1038 1266 1287 1336 hunochcicno

189 1359 384 1441 adscriptum
415 1355 540 1416 Leonis
577 1354 767 1438 philosophi
796 1354 981 1418 Academici
1009 1376 1093 1433 esse,
1129 1360 1288 1437 testantur

188 1445 299 1510 Allien.
313 1441 358 1502 II.
382 1456 414 1502 et
428 1441 531 1502 Lutra
549 1438 583 1498 in
599 1439 680 1502 Plct,
724 1438 795 1500 Nec
810 1441 939 1502 Platoni
963 1441 1019 1501 hic
1038 1438 1196 1523 dialogus⁴
1207 1446 1289 1524 elsp-

187 1552 241 1594 sns
259 1540 317 1597 est,
332 1526 417 1586 sicut
429 1525 578 1585 nonnulli
601 1539 727 1606 putant,
752 1545 830 1607 quos
847 1526 986 1587 Socratis
1027 1544 1142 1588 ortona
1156 1524 1193 1585 in
1207 1546 1289 1588 erro·

998 1547 1093 1670 dinis.
1137 1608 1289 1673 Pulcher·

186 1700 302 1760 ri‘mum
319 1709 366 1756 est
379 1709 609 1766 commentum,
632 1694 667 1751 in
683 1710 749 1775 qno
765 1692 934 1774 splendide
949 1693 988 1756 de
1003 1695 1156 1755 immensa
1173 1694 1288 1757 summi

190 1799 283 1867 atque
300 1778 592 1861 aeterniprincipis
607 1791 764 1858 potestate
779 1777 962 1859 disseritur,
986 1776 1025 1840 de
1048 1800 1089 1841 ue
1101 1776 1232 1838 ‘divinis
1242 1800 1287 1840 re-

188 1867 256 1928 bus.
297 1866 405 1927 Coun.
449 1863 527 1923 Non
551 1878 599 1923 est
619 1860 766 1940 er'cioni,
795 1863 851 1923 sed
875 1863 999 1924 Leonis
1023 1800 1232 1941 academici,
1259 1863 1287 1925 si

187 1953 324 2016 Antonio
340 1948 461 2012 Murato
478 1968 535 2008 sua
550 1961 614 2007 stat
629 1945 707 2007 fides
721 1947 778 2010 Or.
793 1948 849 2010 IV.
862 1949 993 2011 Luciani
1008 1945 1141 2032 quidem
1155 1952 1287 2029 pror‘sus

188 2059 255 2098 non
280 2056 364 2108 esse,
404 2048 470 2094 tum
501 2031 601 2093 dictio
640 2035 728 2092 lenta
750 2047 782 2094 et
814 2034 971 2112 oscitans,
1009 2047 1078 2093 tum
1108 2033 1286 2094 renuntia-

187 2145 258 2183 rum
287 2121 421 2199 levitas,
452 2131 485 2179 et
508 2110 773 2202 'argumentorum
799 2118 919 2218 frigus,
949 2133 982 2180 et
1004 2115 1212 2179 delicationes
1239 2138 1285 2178 ar·

188 2204 394 2292 guuntsatis.
425 2205 582 2266 Mancre.
627 2204 778 2283 Halcyon
802 2203 931 2286 qurdem
947 2225 1014 2265 non
1034 2200 1284 2266 esthcs'aniex

187 2289 288 2354 animi
307 2288 466 2374 sententia
480 2287 662 2372 loquentis,
687 2286 808 2371 qnippe
823 2287 995 2372 Epicurei,
1019 2301 1051 2348 et
1064 2288 1150 2365 forte
1170 2306 1213 2349 ex
1234 2284 1285 2349 de·

186 2375 319 2438 terrimo
341 2375 575 2455 Epicureorum
607 2393 738 2456 genere,
770 2373 825 2456 qui
847 2377 946 2433 malos
967 2392 1069 2434 mores
1093 2387 1164 2433 oum
1188 2390 1285 2455 prava

174 2454 334 2535 ¹doctrina
351 2455 604 2540 conjungebant:
626 2454 683 2515 sed
695 2472 805 2537 posset
821 2478 889 2524 esse
903 2457 1036 2518 Lucinni
1057 2456 1156 2517 animi
1174 2475 1284 2518 caussa

71 2595 73 2600 .
156 2597 160 2603 .
185 2541 391 2605 Platonicum
405 2540 542 2624 agentis,
570 2539 723 2600 Profecto
739 2539 817 2602 haec
830 2545 956 2626 elegans
968 2557 1016 2603 est
1033 2539 1172 2603 Plutonis
1184 2540 1285 2603 imita·

185 2629 253 2702 tio,
273 2623 333 2691 sed
346 2624 381 2685 in
398 2645 460 2708 qua
476 2622 538 2684 hoe
551 2645 650 2682 unum
666 2624 779 2688 merito
796 2625 1113 2710 arguasfutilitatis,
1137 2624 1226 2709 quod
1240 2646 1286 2689 se·

162 2713 236 2774 'rio
250 2724 396 2772 narretur
421 2706 623 2792 putidissime
648 2706 776 2786 fabula,
797 2709 893 2794 eique
913 2718 1056 2791 aptetur,
1079 2709 1239 2810 quicquid
1251 2711 1285 2771 in

185 2820 221 2860 re
257 2794 326 2858 ravi
347 2808 380 2856 et
395 2806 557 2876 comperta
574 2790 612 2852 de
630 2790 741 2853 divina
759 2795 908 2878 potentia
924 2793 991 2855 dici
1007 2788 1179 2877 potuisset.
1224 2792 1283 2857 Sed

186 2883 215 2945 si
232 2818 392 2942 dictorum
409 2879 558 2960 'ineptam
579 2877 780 2940 occasionem
805 2877 972 2958 demseris,
993 2884 1025 2943 et
1046 2874 1225 2942 sententias
1246 2878 1284 2944 de

186 2965 300 3028 divina
314 2963 463 3046 potentia
477 2962 668 3045 spectaretis
684 2963 833 3045 seorsim,
856 2962 1013 3040 fatebere,
1037 2958 1095 3024 vix
1133 2963 1284 3048 uinquam

187 3049 227 3114 de
250 3071 286 3109 ea
308 3048 421 3110 melius
442 3069 537 3128 posse
556 3045 630 3110 dici.
677 3048 825 3110 Ceterum
845 3046 883 3110 de
898 3048 1078 3129 Halcyonis
1093 3048 1127 3108 ia
1149 3046 1287 3117 clarite*

186 3134 294 3218 Stcplr„
315 3131 423 3194 Clerici
442 3129 593 3195 Academ.
615 3131 746 3215 Quaest.
769 3133 807 3198 V.
849 3134 952 3197 Cena.
997 3132 1187 3232 Halcyoneus
1211 3133 1285 3195 ‹tir-

182 3223 295 3302 logum
319 3218 452 3279 fuerunt
475 3216 552 3277 olim
575 3217 632 3300 qui
647 3214 772 3279 Platoni
784 3216 979 3292 tribuerent3
1004 3215 1060 3278 sed
1077 3229 1287 3301 interspersa

182 3302 303 3364 nothos
325 3314 481 3362 numerat
507 3301 652 3383 Diogenes
665 3301 806 3363 Laertius
827 3303 961 3364 Platone
980 3324 1012 3386 p.
1033 3308 1085 3370 84.
1105 3300 1144 3362 C:
1189 3302 1286 3363 Hune

183 3399 289 3448 autem
328 3386 434 3468 ipsum
464 3384 643 3470 Dialogum
672 3407 711 3446 ex
747 3385 855 3451 Galata·
883 3385 1097 3451 Collectaneis
1146 3374 1285 3471 aliisque

184 3470 262 3530 satis
276 3483 412 3548 constat,
433 3490 506 3538 eum
522 3490 599 3542 esse,
623 3469 679 3551 qui
693 3469 818 3532 Platoni
834 3470 1053 3545 tribuebatur3
1079 3491 1151 3538 cum
1165 3471 1216 3532 ibi
1232 3474 1285 3533 in·

150 3557 153 3563 '
181 3568 231 3616 ter
247 3559 315 3638 ejus
331 3575 447 3636 opera,
467 3552 613 3636 quamvis
628 3568 777 3631 notatus,
801 3555 989 3638 reperiatur.
1028 3556 1138 3618 Leoni
1154 3556 1282 3618 cuidam

181 3658 201 3698 a
215 3636 401 3699 Phavorino
417 3637 633 3721 philosopho,
656 3653 736 3721 teste
759 3638 870 3700 eodem
889 3641 1020 3723 Diogene
1027 3685 1037 3716 ,
1060 3638 1298 3714 tribuebantu-

180 3720 267 3784 unde
283 3721 359 3805 satis
373 3723 493 3806 liquet,
517 3744 585 3782 non
600 3742 693 3803 posse
707 3723 876 3785 Lucienum
892 3723 1007 3786 habere
1023 3734 1215 3805 auctorem,
1227 3718 1285 3811 qni

179 3807 302 3868 Lairtlo
325 3826 478 3883 coaevus,
502 3807 671 3869 Planus-ino
693 3808 803 3888 junior
821 3810 897 3868 fuit.
938 3809 1025 3867 'Eum
1038 3810 1185 3885 Leonem
1202 3810 1285 3871 Aea·

179 3889 337 3952 deminum
352 3907 448 3951 vocat
461 3892 572 3953 Nicias
589 3890 776 3959 Nicaeensis
792 3892 883 3974 ,apud
895 3893 1080 3953 „dtlmnceum
1096 3891 1156 3954 XI.
1183 3894 1292 3971 Mure,

146 3986 148 3990 ⁴
177 3977 334 4037 nicetium
352 3967 480 4040 OLIVi
499 3991 532 4038 et
550 3976 782 4041 Taanberln
799 3978 895 4037 Notis
911 3974 952 4035 ad
966 3975 1096 4059 Phaedri
1116 3975 1181 4036 fab.
1206 3998 1282 4063 pag.

177 4067 248 4128 173.
266 4062 302 4122 C.
348 4064 391 4120 Et
410 4081 485 4120 sane
508 4058 633 4120 etiarnsi
655 4060 733 4123 haec
756 4059 941 4143 testimonia
957 4074 1032 4122 ‘non
1054 4076 1280 4143 suppeterent,

175 4146 235 4213 rix
252 4142 401 4229 credibile
416 4143 471 4224 fir,
495 4144 663 4210 Lucicnum
686 4143 726 4207 de
744 4144 891 4214 Deorum
916 4144 953 4211 vi
974 4159 1007 4210 et
1038 4144 1191 4232 potentia
1215 4164 1282 4211 tam
