2640 4680
177 329 252 382 ιιι
348 321 728 399 ro.··narr·u.
788 324 1106 413 onerarent
1186 354 1187 365 ι

167 473 374 558 ¹diligentiae
390 475 459 540 vin
444 476 546 538 ‘.clar
569 473 618 539 ad
631 482 686 543 me
703 473 919 548 mitteretur
939 473 1122 564 Superest,
1144 486 1194 549 ιιι
1198 469 1284 543 mihi

126 579 130 602 ¹
180 579 353 675 consulam
368 596 433 664 qua
448 576 545 654 licet,
568 586 603 637 et
616 573 769 662 primum
773 575 838 639 hoc
850 576 1008 659 indicem,
1030 580 1226 667 pervenisse
1240 580 1284 643 od

177 663 266 745 mee
280 689 427 743 mercatu
441 676 549 739 uerno
561 674 732 763 Lipsiensi
743 698 801 742 eu.
815 700 954 743 mrsu
992 682 1186 767 exemplum
1200 702 1284 745 ver-

178 780 282 846 sionis
308 768 452 846 Latinae
474 776 664 857 variorum,
693 800 770 843 cum
789 770 996 861 argumentis
1017 779 1159 865 Micylli,
1180 768 1281 845 initio

177 890 215 946 et
228 883 297 945 fine
311 893 521 956 truncatum,
544 876 717 959 editionis,
740 876 781 944 ut
796 880 966 969 conjicio,
976 878 1266 956 Francof.1538f.

173 1005 251 1048 cum
270 1003 346 1047 mea
370 980 602 1067 interpretatio
622 983 843 1066 processisset
871 981 912 1045 ad
937 984 1041 1055 linem
1060 982 1272 1076 Hermotimi.

178 1084 337 1149 Solebam
355 1094 488 1161 autem,
517 1080 607 1166 quod
627 1081 709 1161 scis,
731 1084 785 1146 ιιι
806 1081 1014 1154 doctissime,
1036 1105 1111 1170 per
1111 1070 1286 1163 mercatus*

175 1181 275 1251 modo
294 1184 374 1248 dicti
389 1182 684 1281 opportunitatem
689 1182 823 1246 mittere
844 1184 1026 1269 pensiones
1043 1186 1285 1251 velutLucru-

176 1309 221 1351 ιο
234 1286 373 1352 debitas
423 1282 514 1350 Illud
526 1304 624 1369 porro
638 1266 830 1369 'exemplum
842 1298 943 1353 manu
970 1284 1119 1350 Solani
1129 1291 1284 1368 elegan-

79 1384 82 1391 ’
174 1391 203 1453 ιι
216 1401 251 1453 et
262 1385 422 1466 nitidula,
450 1405 538 1470 quae
557 1387 706 1449 animum
724 1385 828 1451 etiem
840 1389 932 1451 bene
950 1391 1170 1475 compositam
1185 1390 1285 1455 indi-

175 1500 257 1568 cet,
271 1499 455 1553 correctum
471 1499 505 1550 et
517 1486 757 1572 interpolatum
782 1496 833 1549 est
844 1507 886 1550 eo
901 1486 1105 1553 hauddubie
1128 1485 1280 1570 consilio,

172 1589 226 1654 uti
241 1587 429 1653 traderetur
444 1586 678 1672 typographis:
707 1588 931 1673 continetque
946 1592 1107 1676 opuscula
1128 1591 1283 1673 Lucraur

172 1706 286 1775 nequee
303 1686 344 1752 ad
367 1687 589 1751 Anacharsim
612 1689 684 1750 sive
712 1684 754 1748 de
784 1684 972 1768 Gymnasiis
995 1693 1164 1772 libellum,
1188 1699 1283 1772 cujus

173 1800 307 1855 tantum
319 1788 457 1852 initium
473 1788 527 1850 hic
546 1799 606 1864 est,
629 1806 734 1869 usque
751 1783 793 1848 ad
810 1791 998 1854 columnam
1015 1801 1088 1861 ste.
1124 1795 1202 1856 Fuit
1217 1798 1281 1864 ita.

125 1912 131 1933 ι
172 1891 292 1980 quein
306 1909 422 1953 museo
434 1885 756 1972 meofiuterpretatio
773 1887 830 1949 illa
848 1886 1056 1958 diversorum
1073 1895 1180 1957 Solane·
1201 1919 1280 1961 ma-

173 2013 220 2057 nu
237 1993 404 2072 castigata,
426 2013 446 2054 a
460 1988 700 2063 declamatione
715 1987 795 2052 inde
808 1986 987 2072 Herodoti,
1010 2015 1036 2057 s.
1049 1995 1212 2078 Aiitione,
1235 1999 1279 2065 ad

150 2174 152 2179 A
173 2095 383 2182 principium
397 2093 506 2156 libelli
520 2090 563 2154 de
576 2088 785 2174 Gymnasiis3
807 2092 873 2159 nisi
888 2090 977 2178 quod
990 2094 1134 2165 Amores
1152 2117 1186 2167 et
1200 2102 1279 2167 Lu-

176 2197 267 2260 cium
278 2196 412 2258 libellos
434 2191 564 2255 Salanus
578 2212 645 2255 non
660 2190 790 2274 adtigit.
822 2190 867 2258 In
880 2195 961 2273 bis
950 2197 1051 2278 igitur
1065 2202 1190 2273 libellis
1207 2206 1282 2287 ple-

169 2299 283 2381 risque
300 2295 397 2380 potui
419 2297 592 2359 consulere
610 2291 719 2365 Seiani
738 2294 957 2375 sententiam,
988 2301 1076 2383 quod
1092 2305 1268 2389 aliquoties

168 2418 189 2458 a
203 2416 258 2461 me
276 2397 459 2473 sactum,
447 2417 485 2455 ιι
504 2384 586 2478 ipsis
602 2395 686 2456 meis
709 2343 978 2458 adnotationibds
1002 2406 1170 2483 protessus
1183 2425 1270 2491 sum

168 2491 372 2564 Nimirum'
362 2496 497 2579 snspexi
515 2492 700 2571 interdum,
732 2493 864 2577 quoties
879 2515 1077 2574 cognoscere
1091 2487 1277 2596 cupiebam

166 2619 269 2683 quern
281 2598 340 2658 ille
355 2595 560 2659 lectionem
548 2617 586 2658 ιι
601 2594 684 2666 locis
700 2587 954 2659 dubitationem
957 2599 1103 2689 aliquam
1120 2606 1277 2670 habenti·

84 2736 87 2747 ·
168 2703 234 2764 irus
255 2707 389 2762 secutus
407 2695 460 2763 ιιι.
510 2695 709 2780 Perpetuam
732 2694 945 2759 collationem
964 2721 1075 2788 neque
1103 2730 1179 2774 cum
1200 2710 1274 2790 hac,

163 2821 273 2888 neque
289 2821 364 2865 cum
378 2766 473 2863 ιιιιιι
462 2797 737 2884 ruterpretntione
750 2796 892 2862 institui·
917 2795 1007 2880 Quid
1027 2808 1118 2879 enim
1135 2809 1270 2873 adrine.

166 2905 233 2982 bat,
255 2903 293 2965 in
310 2905 373 2975 hac
395 2902 562 2964 laboriosa
581 2899 778 2984 praesertim
799 2898 872 2963 uita
888 2921 983 2983 mea,
1008 2908 1272 2996 circumspicere,

170 3003 338 3089 quomodo
353 3003 413 3066 alii
425 3022 463 3066 ea
477 3002 689 3086 interpretati
704 3014 832 3078 essent,
855 3025 940 3090 quae
956 3023 1046 3075 recte
1060 3035 1079 3075 a
1095 3033 1149 3074 me
1165 3014 1274 3075 intel-

164 3105 241 3187 ligi,
265 3117 355 3170 recte
370 3123 530 3169 conversa
545 3121 637 3182 esse,
658 3123 728 3165 non
742 3107 894 3188 poteram
911 3105 1088 3176 dubitare?
1110 3108 1271 3176 Adnota-

140 3207 272 3273 tionis
285 3209 386 3324 plape
402 3204 503 3280 nihil,
526 3204 660 3268 literam
676 3206 803 3276 nullam
822 3205 998 3288 Graecam,
1021 3213 1105 3276 libro
1121 3212 1198 3280 huic
1216 3211 1272 3304 ad·

167 3309 300 3395 scripsit
316 3310 369 3374 vir
386 3306 617 3373 doctissimus:
646 3328 745 3392 quem
766 3300 912 3370 librum
902 3331 938 3371 ιι
954 3308 1162 3375 Bibliotheca
1177 3314 1272 3376 Aca-

159 3402 292 3473 demiae
305 3421 439 3473 nostrae
452 3407 585 3494 publice
604 3407 793 3492 reposui,ut
807 3408 1032 3502 siquiveljam
1046 3406 1266 3478 viventesvel

42 3577 45 3583 ,
138 3541 142 3549 ·
161 3512 290 3593 posteri
303 3510 387 3576 edeo
401 3511 571 3594 requirere
587 3508 746 3584 uelint,
735 3528 770 3568 ιι
788 3522 949 3592 quantum
962 3497 1048 3574 mihi
1063 3536 1138 3577 cum
1153 3515 1267 3576 Solane

161 3613 351 3693 conveniat,
373 3614 443 3677 suis
458 3610 589 3697 possint
602 3607 706 3671 oculis
718 3605 820 3672 iidem
834 3609 968 3675 habere.
1006 3612 1074 3692 Qui
1089 3617 1151 3679 hoc
1169 3638 1268 3696 agere

49 3710 53 3715 ’
159 3711 295 3792 solent,
316 3716 369 3778 illi
383 3709 648 3779 collatisnostris
661 3706 932 3804 adnotationibus
945 3715 1136 3797 intelligent
1155 3721 1265 3796 facile,

158 3820 230 3873 non
247 3814 357 3879 minus
370 3837 469 3902 saepe
484 3815 584 3879 nobis
597 3811 778 3887 convenire
794 3812 830 3874 in
842 3812 885 3876 iis
900 3814 1035 3894 libellis,
1055 3839 1194 3903 quorum
1205 3841 1266 3900 ego

162 3909 481 4000 interpretationem
503 3939 522 3994 a
551 3913 664 3991 Solone
684 3925 862 3998 correctam
884 3916 989 3979 oculis
1018 3912 1177 4001 usurpare
1199 3939 1271 3983 non

158 4017 280 4101 potui,
302 4032 402 4105 quam
415 4020 453 4099 in
467 4019 559 4098 aliis:
582 4014 764 4105 conuenire
779 4016 882 4085 ,nobis
899 4035 999 4103 saepe
1012 4020 1058 4115 in
1072 4018 1268 4092 adnotatio-
