2640 4680
106 343 649 433 ,scarou1soos
713 310 1028 405 sendraas·
1075 340 1154 402 ω’

76 494 147 568 t'ex
167 523 227 583 eo,
259 496 347 588 quod
369 499 530 577 majorem
550 489 797 557 Christianismi
818 491 973 573 notitiam
985 492 1155 581 habuerit,
1232 581 1234 591 Ι

76 615 154 670 uum'
167 603 268 675 mulii
283 602 341 665 alii
355 597 500 664 Ethnici.
524 593 614 702 (Bao.
634 602 704 664 171·
719 595 745 681 §0
762 591 808 680 7·)

132 807 210 885 Non
223 808 384 898 hahemus
398 801 584 881 historiam,
598 821 697 888 quam
714 802 954 888 conscripserat
969 803 1010 869 de
1023 803 1161 873 Sostra
1212 798 1217 811 ’
1231 843 1235 847 -

76 909 239 991 »Boeotio
252 908 454 997 philosopho
466 907 536 970 illis
552 906 757 990 temporibus
768 907 1045 989 celebratissima,
1067 908 1151 989 (vid.

76 1014 180 1076 lucian.
199 1010 394 1076 Demonact.
411 1035 436 1088 5.
455 1007 500 1091 1.)
516 1011 609 1087 cujus
622 1007 693 1070 uita
709 1007 954 1073 maxime'dura
969 1012 1035 1098 fuit
1050 1024 1151 1096 atque

76 1129 200 1194 ostem,
223 1123 258 1176 et
278 1116 370 1192 cnjus
390 1112 465 1173 vice
487 1109 546 1173 alii
565 1120 679 1174 contra
706 1128 841 1171 omnam
861 1108 1025 1179 ratiorssm
1049 1123 1148 1193 atque

76 1221 286 1291 actoritatem
317 1211 427 1276 eidem
451 1211 603 1272 tribuunt
624 1211 730 1274 uitam
753 1210 931 1296 Apollonii
947 1209 1147 1295 Tyancnsiss
1227 1256 1229 1261 -

76 1342 148 1386 uam
162 1317 369 1379 Philostratus
384 1312 529 1398 reliquit.
542 1309 668 1396 (Voss.
691 1309 778 1378 Hist.
801 1309 856 1379 Gr.
874 1309 983 1380 L.'11.
1003 1323 1030 1376 ο.
1048 1318 1098 1383 15.
1112 1335 1145 1400 p.
1205 1384 1210 1395 Ι

76 1431 111 1492 aa
129 1408 250 1490 et'aas.

133 1615 286 1707 Eaaopina
304 1645 354 1708 pr.
380 1644 414 1709 p.
442 1628 484 1690 12
509 1629 543 1684 et
572 1626 626 1698 18.
647 1618 837 1702 adseverat,
866 1621 972 1699 hunc,
996 1623 1144 1706 quitata

79 1750 151 1794 auca
168 1723 354 1812 composuit
366 1722 453 1786 seria
467 1744 585 1811 opera,
607 1735 776 1789 auctorem
792 1743 866 1786 esse
880 1725 969 1786 vitae
987 1723 1144 1806 philoso-

76 1835 110 1896 hi
124 1829 347 1906 Demonactis,
370 1830 463 1906 cujus
476 1846 536 1909 per
550 1827 686 1906 longum
701 1826 861 1910 temporis
877 1827 1022 1909 spatium
1037 1823 1144 1888 disci-

76 1936 143 1997 tulus
157 1930 271 1994 fuerit.
314 1929 400 1992 Eum
414 1929 575 2005 omnium,
590 1948 672 2012 quos
688 1928 1028 1999 noverit‚'maximum
1043 1927 1141 1995 nobis

76 2033 285 2118 hiiosophum
299 2032 388 2095 iacit.
416 2029 557 2093 Interim
571 2029 720 2112 adparet,
744 2029 898 2093 eumdem
912 2042 1024 2096 tamen
1039 2034 1141 2099 modo

76 2144 149 2203 uisse
164 2135 324 2218 Cynicum
338 2133 545 2215 aliquantum
567 2133 799 2195 humaniorem
816 2154 852 2194 ac
869 2133 974 2214 magis
986 2134 1141 2222 politum,

76 2264 151 2327 [uam.
160 2251 319 2306 caeteros.
343 2234 434 2306 (Luc.
450 2233 519 2298 Vit.
538 2232 679 2298 Demon.
694 2256 719 2295 c.
733 2242 764 2302 8.
782 2239 813 2302 4.
828 2235 912 2322 etc.)
934 2234 1069 2303 Nullam
1082 2261 1143 2306 re-
1174 2306 1179 2310 ,

76 2346 201 2426 igionem
217 2331 487 2425 amplectebatur,
510 2350 567 2400 aut
583 2347 671 2402 certe
685 2339 770 2401 nulli
783 2342 863 2401 satis
877 2344 1021 2408 facebat
1044 2345 1141 2428 [Ver-

76 2445 280 2523 uTillaemontii
294 2452 406 2505 erantz
430 2439 461 2501 Il
473 2444 552 2503 auoit
561 2464 620 2523 peu
637 2465 678 2504 ou
688 2445 775 2529 poipt
786 2442 822 2529 cle
836 2443 976 2526 religion,
1000 2462 1034 2514 at
1050 2464 1087 2514 ut
1103 2451 1140 2516 id
1178 2448 1181 2460 ¹

76 2549 266 2623 emanaret,
289 2541 419 2624 adlegat
432 2545 556 2607 Damon.
575 2565 606 2628 pt
624 2549 697 2613 547.
712 2544 764 2607 ed.
780 2542 853 2610 Par.
871 2547 894 2608 i.
912 2532 1038 2632 6615.
1061 2555 1141 2620 edi..
1189 2622 1193 2639 Ι

76 2649 142 2713 lonii
154 2659 304 2726 nostrae,
327 2644 386 2708 scd
399 2649 509 2710 locum
523 2645 715 2730 inspicienti
729 2650 872 2732 patebit,
894 2671 962 2714 non
975 2653 1012 2717 id
1027 2655 1140 2723 dicere

76 2755 223 2828 odonam,
245 2759 283 2809 ut
300 2746 340 2810 ad
354 2748 455 2837 linem
470 2749 569 2827 hujus
584 2749 673 2811 vitae
689 2750 886 2832 ostendam]
899 2746 904 2757 ¹
917 2755 1005 2839 quod
1024 2772 1140 2825 tamen
1194 2792 1210 2833 ς
1227 2756 1229 2760 ’

76 2874 135 2918 reo
148 2850 299 2916 melioris
313 2860 411 2912 notae
425 2862 485 2929 est,
508 2853 545 2912 in
561 2871 601 2912 eo
617 2852 777 2928 consistit,
794 2852 882 2936 quod
897 2857 984 2921 claro
1000 2862 1073 2931 loco
1081 2888 1138 2931 na.
1239 2933 1241 2941 Ι

76 2976 108 3036 rs,
128 2953 237 3042 (Bam.
254 2974 280 3013 c.
295 2954 344 3029 3.)
359 2953 556 3036 opibusque,
579 2954 770 3039 eloquenlia
791 2976 828 3018 ac
848 2958 988 3024 scientia
1006 2963 1139 3033 instru-
1157 2988 1162 2992 ·

76 3076 128 3136 us,
150 3058 208 3135 (ib.
229 3077 256 3118 c.
278 3056 326 3134 6.)
340 3056 468 3121 interea
482 3052 596 3119 duram
613 3075 649 3117 ac
664 3047 845 3140 pauperem
861 3061 929 3139 egit
938 3064 1056 3144 uitam,
1071 3088 1139 3132 ne-

76 3161 163 3223 inem
179 3160 243 3222 sibi
260 3155 443 3222 adsciscere
458 3159 595 3236 volens,
615 3159 672 3243 qui
686 3159 719 3237 oi
731 3161 938 3224 ministraret
952 3177 1010 3228 aut
1026 3171 1142 3247 serri-

76 3273 102 3325 η.
123 3260 182 3345 (ib.
200 3266 225 3323 c'.
243 3259 290 3345 5.)
313 3257 380 3339 Sed
395 3259 471 3320 finis
487 3258 584 3337 hujus
597 3259 791 3343 splendidae
806 3263 942 3327 virtutis
956 3270 1031 3347 fuit,
1047 3270 1138 3354 qstod

76 3362 156 3426 dens
169 3383 206 3425 se
220 3362 437 3430 centesimum
451 3363 522 3423 sere
537 3381 662 3423 annum
682 3375 836 3440 agentem
858 3367 984 3430 auxilio
999 3373 1136 3436 alterius

78 3465 207 3558 digere,
238 3486 299 3526 nec
317 3465 427 3546 ipsum
449 3464 515 3525 sibi
535 3465 678 3547 amplius·
696 3465 886 3530 ministrare
906 3488 1023 3554 posse,
1046 3478 1136 3540 lame

76 3570 172 3631 satire
188 3567 353 3631 maluerit.
371 3570 415 3643 (c.
433 3569 484 3632 65.
504 3577 538 3669 et
553 3572 619 3643 66.)
664 3564 768 3628 Natus
787 3568 1002 3654 eratAEypri,
1031 3573 1072 3660 (c.
1087 3577 1157 3664 3,),

76 3666 93 3732 d
111 3673 220 3733 vitam
237 3669 399 3760 transegit
416 3669 587 3744 Athenis,
604 3674 648 3740 (c.
675 3665 750 3752 11.)
779 3671 894 3755 ibique
915 3675 1000 3761 ohiit
1015 3696 1135 3760 magna

127 3773 380 3834 existimatione
403 3772 679 3849 Atheniensium,
698 3770 823 3834 tamin
835 3775 935 3854 vita,¹
946 3798 1046 3864 quam
1059 3795 1145 3868 post*

76 3887 182 3957 utem.
196 3873 256 3957 (ib.
271 3899 298 3938 c.
315 3876 384 3954 66.)

76 4080 80 4093 '
107 4077 273 4166 Narratur
287 4077 329 4142 de
346 4098 397 4160 eo,
413 4100 487 4162 cum
504 4078 734 4148 Athenienses
743 4072 890 4180 pugnam
902 4083 1131 4166 gladiatoriam
