2640 4680
165 333 417 414 cm'102
469 333 714 393 [ΛΤΤΗ.
767 333 1086 390 ὓΙδΝΙΙῙ

162 481 250 548 tioni
270 484 479 562 inserantur,
506 484 680 569 honosque
702 482 867 548 habeatur
896 506 1012 552 eorum
1031 491 1175 576 eumeni,
1202 495 1268 585 cui,

164 585 242 648 siin
257 606 311 650 me
328 587 394 648 fuit
404 584 571 669 iniquior,
595 606 665 648 noa
679 583 759 649 ideo
779 588 1022 654 subtrahendae
1037 606 1117 656 suut
1130 589 1266 676 gratiae,

164 701 200 750 et
213 690 306 767 laus,
328 709 412 774 quae
428 690 470 751 ob
486 709 558 751 rem
573 689 803 768 bene‘gestam
815 691 882 775 ipsi
898 688 1047 756 debetur.
1070 692 1164 773 Quin
1175 719 1268 762 acer.

162 789 276 853 bitatis
292 802 327 852 et
339 791 564 854 contentionis
579 793 690 854 omnis
703 789 788 852 adeo
801 791 877 874 ipsa
888 808 1019 878 quoque
1032 798 1177 878 vestigia
1193 801 1268 862 tol-

162 892 234 954 iere
248 894 458 972 conabimur,
480 892 754 977 studebimusque
766 894 1038 958 honestissimam
1059 917 1106 959 ex
1116 899 1183 962 hoc
1196 920 1267 985 cer-

161 996 289 1056 tamino
306 997 453 1077 palmam
473 992 651 1077 aequitatis
670 978 962 1078 humanitatisque
972 998 1121 1077 referre,
1137 1012 1177 1063 ut
1189 1003 1268 1064 irn-

162 1107 262 1163 antur
275 1116 337 1181 par
352 1104 414 1159 ads
424 1098 551 1180 posteri
572 1098 745 1180 utriusque
758 1096 895 1175 ingenio
913 1109 948 1159 et
961 1096 1147 1179 .induania,
1168 1103 1266 1166 litem

17 1208 26 1227 ‘
75 1236 82 1251 t
160 1195 448 1268 intercesaisaeme
461 1196 596 1282 quidem
611 1198 833 1280 suspicentur.
856 1197 1115 1263 HocPoutederce
1125 1194 1264 1285 bellum,

160 1299 226 1365 hoc
241 1299 272 1363 si
283 1300 359 1384 quis
375 1300 462 1364 alins
475 1318 623 1384 pugnat·
636 1314 768 1362 mecum
782 1301 883 1380 velit,
905 1299 1079 1367 denunties
1097 1338 1140 1353 .„,
1166 1335 1174 1351 -·

234 1494 378 1568 'verum
392 1503 450 1569 hic
465 1499 588 1567 addere
600 1503 701 1565 lubet
710 1499 754 1565 de
767 1500 1002 1580 adcusatione,
1024 1527 1089 1592 qna
1104 1509 1144 1570 in
1158 1504 1264 1572 Com-

160 1606 328 1669 mentario
337 1604 386 1695 ad
397 1605 557 1666 Lucanum
570 1606 697 1690 petitus
709 1606 817 1669 sum'a
831 1606 923 1683 viro,
945 1611 1039 1687 cujus
1056 1630 1119 1692 ego
1134 1609 1265 1673 doctri-

162 1728 241 1772 nam
257 1721 293 1770 et
308 1707 428 1773 merita
443 1726 576 1791 semper
587 1709 669 1785 ieci,
692 1719 731 1770 nt
750 1711 982 1786 merebantur,
1002 1713 1155 1775 maximi.
1199 1710 1266 1775 In-

160 1809 339 1873 simulatus
353 1829 429 1872 snm
443 1808 710 1895 quaesivisse
731 1809 767 1870 in
781 1811 919 1882 summi,
935 1807 1016 1872 dum
1028 1815 1175 1892 viveret,
1196 1815 1266 1877 viri

159 1911 348 1975 observatis
375 1911 435 2006 ad!
456 1909 680 1992 Quintilianum
726 1908 838 1996 quod
886 1913 1261 2001 reprehenderem.

158 2010 217 2077 Ab
231 2013 293 2074 hac
304 2014 515 2095 malignitate
533 2033 607 2075 cum
618 2015 735 2076 abesse
748 2031 859 2075 mores
874 2033 968 2079 meos
981 2012 1146 2094 noverim,
1159 2013 1263 2081 etiam

158 2116 285 2178 famam
305 2136 416 2180 meam
436 2114 573 2178 liberari
594 2113 751 2200 equidem
770 2113 898 2199 cupies
930 2114 1001 2181 Sed
1021 2139 1097 2181 cum
1117 2120 1264 2199 graviter

47 2205 51 2210 ’
158 2229 371 2297 aegrotante,
394 2217 517 2282 deinde
539 2230 691 2295 mortuo,
714 2217 917 2284 contendere
936 2217 1131 2291 indecorum
1149 2221 1264 2284 amicis

159 2321 307 2382 etmihi
334 2319 521 2383 videbatur.
574 2317 681 2398 Igitur
700 2319 783 2379 haec
806 2319 941 2381 silentio
956 2322 1124 2397 contrivi,
1154 2342 1263 2404 neque

158 2439 319 2504 umquam
335 2421 494 2497 ulciscar;
516 2420 582 2481 nisi
598 2429 796 2501 provocatus
813 2420 853 2477 ab
871 2419 944 2495 his,
967 2419 1025 2502 qui
1039 2420 1201 2500 Virgilium
1214 2421 1265 2505 ip·

84 2578 88 2583 .
157 2520 230 2582 sins
244 2530 377 2582 camut:
390 2506 469 2581 turn*
480 2521 571 2581 enim
588 2538 684 2596 cogar
700 2514 896 2592 ostendere,
914 2538 1013 2602 quam
1027 2540 1100 2583 non
1113 2523 1264 2605 quaesie-

158 2622 224 2684 rim
242 2619 332 2705 qnod
343 2619 643 2706 reprehenderem,
665 2616 727 2679 sed
739 2638 824 2703 quae
839 2621 928 2682 ultro
948 2640 985 2682 se
997 2623 1203 2703 obtulerint,
1225 2638 1264 2689 ut

157 2741 274 2786 snmus
295 2723 466 2799 homines,
488 2731 681 2804 peccata,
704 2741 744 2784 ea
755 2741 811 2784 me
833 2719 967 2800 sedulo,
990 2723 1041 2784 nti
1058 2721 1197 2789 decebat
1213 2730 1264 2789 ti,

158 2837 247 2888 teras
266 2823 488 2903 nostras,.uti
508 2825 714 2906 postulabat,
742 2843 843 2908 quam
863 2823 1077 2908 profitemur,
1098 2831 1263 2893 hnmani-

157 2926 433 3009 tas,-texisae'.
462 2924 539 2989 uon
552 2945 615 3005 ego
631 2923 809 3011 deprecor,
831 2946 896 3010 qno
911 2925 1024 2988 minus
1036 2930 1093 2989 uel
1104 2928 1262 2991 Burman-

156 3055 229 3106 nus,
252 3029 377 3114 aliique
391 3032 542 3093 acerbum
551 3030 659 3115 etiam
671 3048 845 3092 consuram
857 3029 893 3090 in
907 3028 1030 3113 scripta
1046 3051 1066 3090 a
1086 3050 1141 3092 me
1158 3050 1262 3094 exer-

35 3193 43 3206 ,
159 3145 275 3210 ceant,
296 3151 341 3193 ne
357 3131 473 3218 iniqua
487 3130 624 3217 quidem
645 3129 694 3194 da.
709 3132 863 3212 ingenio,
891 3127 935 3191 de
951 3127 1119 3210 doctrina,
1141 3130 1184 3194 da
1206 3135 1263 3195 la-

104 3264 109 3270 ·
157 3237 294 3301 boribus
313 3234 419 3311 meis,
436 3234 571 3314 ¹judicia
594 3232 773 3320 deprecorq
803 3252 1002 3314 numquam,
1024 3232 1146 3296 ubido
1167 3236 1262 3298 hisce

150 3350 277 3418 agetur
291 3341 409 3414 robus,
432 3333 632 3400 contendam
646 3337 752 3414 ultra,
775 3334 840 3397 nisi
855 3332 885 3395 si
900 3335 987 3394 forte
1002 3332 1164 3395 illustrari
1177 3356 1264 3398 sen-

157 3441 265 3503 tentia
280 3439 391 3523 aliqua
408 3461 482 3503 maa
499 3441 625 3525 possit:
647 3435 728 3523 quin
742 3434 903 3507 beneficio
923 3450 979 3495 mc
997 3431 1171 3498 adiectum
1182 3458 1262 3519 pro-

156 3544 279 3606 fitebor
294 3543 334 3603 ab
348 3561 399 3617 eo,
409 3541 527 3625 siquis
543 3561 636 3603 meas
649 3540 736 3602 mihi
747 3534 975 3600 obsecutiones
986 3534 1043 3599 vel
1058 3536 1264 3620 placide,vel

46 3716 50 3723 Ι
157 3644 302 3728 superbe
320 3634 421 3704 etium
438 3642 640 3722 ostenderit3
661 3639 888 3715 Beneficium,
909 3638 1065 3722 inquam,
1088 3640 1262 3724 interpre-

155 3748 269 3820 tabor,
299 3765 498 3827 quamquam
520 3766 589 3807 non
612 3767 659 3809 ex
674 3743 853 3828 disciplina
872 3737 1010 3803 Senam.
1039 3739 1145 3822 Magis
1169 3746 1262 3810 enim

155 3846 243 3912 mihi
261 3848 355 3931 piace
369 3843 522 3908 Platonici
541 3845 677 3911 Timaei·
688 3843 805 3920 illud,
816 3838 913 3908 'Atti
933 3849 976 3927 τῷ
990 3849 1080 3906 τοῦτο
1102 3846 1260 3926 turgum,

155 3953 212 4014 acui
228 3943 386 4028 ἇνευρόντι
402 3948 435 4012 δὲ
448 3948 490 4029 μή
505 3928 604 4024 orico}
616 3952 698 4034 egos,
711 3957 807 4012 κεῖται
824 3949 912 4026 φίλια
924 3942 961 4009 cci
974 3934 1064 4008 ἆθλα.
1087 3931 1166 4009 'Set
1185 3971 1260 4012 cum

158 4048 502 4139 nihilmihipudore,
523 4050 685 4132 candore,
705 4050 855 4137 ingenuo
874 4046 1007 4130 animo,
1025 4048 1260 4134 majpayidaa-
