<?xml version="1.0" encoding="UTF-8"?>
<!DOCTYPE html PUBLIC "-//W3C//DTD XHTML 1.0 Transitional//EN"
    "http://www.w3.org/TR/xhtml1/DTD/xhtml1-transitional.dtd">
<html xmlns="http://www.w3.org/1999/xhtml" xml:lang="en" lang="en">
 <head>
  <title>
</title>
<meta http-equiv="Content-Type" content="text/html;charset=utf-8" />
  <meta name='ocr-system' content='tesseract 3.04.00' />
  <meta name='ocr-capabilities' content='ocr_page ocr_carea ocr_par ocr_line ocrx_word'/>
</head>
<body>
  <div class='ocr_page' id='page_1' title='image "./lucianisamosate04lehmgoog_0462.png"; bbox 0 0 2640 4680; ppageno 0'>
   <div class='ocr_carea' id='block_1_1' title="bbox 87 299 1123 425">
    <p class='ocr_par' dir='ltr' id='par_1_1' title="bbox 87 299 1123 425">
     <span class='ocr_line' id='line_1_1' title="bbox 87 299 1123 425; baseline -0.019 -25"><span class='ocrx_word' id='word_1_1' title='bbox 87 412 90 420; x_wconf 15' lang='grc' dir='ltr'><strong>Α</strong></span> <span class='ocrx_word' id='word_1_2' title='bbox 171 330 263 425; x_wconf 55' lang='lat' dir='ltr'><strong>W&amp;</strong></span> <span class='ocrx_word' id='word_1_3' title='bbox 443 335 1009 388; x_wconf 74' lang='lat' dir='ltr'><strong>snuorsrrouns</strong></span> <span class='ocrx_word' id='word_1_4' title='bbox 1115 299 1123 313; x_wconf 84' lang='grc'><strong>’</strong></span> 
     </span>
    </p>
   </div>
   <div class='ocr_carea' id='block_1_2' title="bbox 148 481 1293 2348">
    <p class='ocr_par' dir='ltr' id='par_1_2' title="bbox 148 481 1281 831">
     <span class='ocr_line' id='line_1_2' title="bbox 173 481 1281 573; baseline -0.009 -18"><span class='ocrx_word' id='word_1_5' title='bbox 173 489 320 573; x_wconf 84' lang='lat' dir='ltr'><strong>Ctesiph.</strong></span> <span class='ocrx_word' id='word_1_6' title='bbox 342 489 396 554; x_wconf 75' lang='grc' dir='ltr'><strong><em>ιιιιῑ</em></strong></span> <span class='ocrx_word' id='word_1_7' title='bbox 409 485 521 570; x_wconf 68' lang='lat' dir='ltr'><strong>lavetis</strong></span> <span class='ocrx_word' id='word_1_8' title='bbox 535 482 650 570; x_wconf 71' lang='grc' dir='ltr'><strong><em>ἕοθῆιοι</em></strong></span> <span class='ocrx_word' id='word_1_9' title='bbox 661 484 775 570; x_wconf 70' lang='grc' dir='ltr'><strong><em>λοβῶν,</em></strong></span> <span class='ocrx_word' id='word_1_10' title='bbox 790 481 960 570; x_wconf 72' lang='grc' dir='ltr'><strong><em>ἐβουθύτει.</em></strong></span> <span class='ocrx_word' id='word_1_11' title='bbox 977 484 1092 550; x_wconf 74' lang='lat' dir='ltr'><strong>Baton.</strong></span> <span class='ocrx_word' id='word_1_12' title='bbox 1122 482 1281 547; x_wconf 73' lang='lat' dir='ltr'><strong>solebant</strong></span> 
     </span>
     <span class='ocr_line' id='line_1_3' title="bbox 173 570 1280 657; baseline -0.011 -20"><span class='ocrx_word' id='word_1_13' title='bbox 173 575 326 637; x_wconf 81' lang='lat' dir='ltr'><strong>nimirum</strong></span> <span class='ocrx_word' id='word_1_14' title='bbox 346 573 501 650; x_wconf 87' lang='lat' dir='ltr'><strong>Athenis,</strong></span> <span class='ocrx_word' id='word_1_15' title='bbox 534 570 800 657; x_wconf 78' lang='lat' dir='ltr'><strong>quemadmodum</strong></span> <span class='ocrx_word' id='word_1_16' title='bbox 819 572 958 649; x_wconf 86' lang='lat' dir='ltr'><strong>Romae,</strong></span> <span class='ocrx_word' id='word_1_17' title='bbox 983 570 1130 654; x_wconf 84' lang='lat' dir='ltr'><strong>antiquis</strong></span> <span class='ocrx_word' id='word_1_18' title='bbox 1152 585 1280 652; x_wconf 85' lang='lat' dir='ltr'><strong>tempo.</strong></span> 
     </span>
     <span class='ocr_line' id='line_1_4' title="bbox 148 655 1280 741; baseline -0.001 -19"><span class='ocrx_word' id='word_1_19' title='bbox 148 683 150 687; x_wconf 49' lang='lat'><strong>¹</strong></span> <span class='ocrx_word' id='word_1_20' title='bbox 173 659 263 722; x_wconf 86' lang='lat' dir='ltr'><strong>ribus</strong></span> <span class='ocrx_word' id='word_1_21' title='bbox 279 656 426 721; x_wconf 88' lang='lat' dir='ltr'><strong>candidis</strong></span> <span class='ocrx_word' id='word_1_22' title='bbox 441 655 580 719; x_wconf 86' lang='lat' dir='ltr'><strong>vestibus</strong></span> <span class='ocrx_word' id='word_1_23' title='bbox 593 656 652 718; x_wconf 90' lang='lat' dir='ltr'><strong>uti.</strong></span> <span class='ocrx_word' id='word_1_24' title='bbox 695 655 780 718; x_wconf 84' lang='lat' dir='ltr'><strong>Vide</strong></span> <span class='ocrx_word' id='word_1_25' title='bbox 795 656 941 740; x_wconf 60' lang='lat' dir='ltr'><strong>Theophra</strong></span> <span class='ocrx_word' id='word_1_26' title='bbox 954 657 1051 720; x_wconf 87' lang='lat' dir='ltr'><strong>Char.</strong></span> <span class='ocrx_word' id='word_1_27' title='bbox 1065 657 1135 719; x_wconf 78' lang='lat' dir='ltr'><strong>XL·</strong></span> <span class='ocrx_word' id='word_1_28' title='bbox 1149 658 1218 741; x_wconf 79' lang='grc' dir='ltr'><strong>περὶ</strong></span> <span class='ocrx_word' id='word_1_29' title='bbox 1231 680 1280 739; x_wconf 76' lang='grc' dir='ltr'><strong>μι·</strong></span> 
     </span>
     <span class='ocr_line' id='line_1_5' title="bbox 173 738 1181 831; baseline -0.007 -23"><span class='ocrx_word' id='word_1_30' title='bbox 173 746 334 831; x_wconf 70' lang='grc' dir='ltr'><strong><em>κρολογίοις</em></strong></span> <span class='ocrx_word' id='word_1_31' title='bbox 348 741 407 803; x_wconf 87' lang='lat' dir='ltr'><strong>sub</strong></span> <span class='ocrx_word' id='word_1_32' title='bbox 422 738 527 803; x_wconf 87' lang='lat' dir='ltr'><strong>finem.</strong></span> <span class='ocrx_word' id='word_1_33' title='bbox 549 741 652 805; x_wconf 69' lang='lat' dir='ltr'><strong>csse.</strong></span> <span class='ocrx_word' id='word_1_34' title='bbox 1178 806 1181 811; x_wconf 56' lang='lat'>‚</span> 
     </span>
    </p>

    <p class='ocr_par' dir='ltr' id='par_1_3' title="bbox 172 820 1293 1769">
     <span class='ocr_line' id='line_1_6' title="bbox 188 820 1282 915; baseline 0 -26"><span class='ocrx_word' id='word_1_35' title='bbox 188 860 193 865; x_wconf 96' lang='lat'>·</span> <span class='ocrx_word' id='word_1_36' title='bbox 258 820 338 889; x_wconf 79' lang='lat' dir='ltr'><strong>Ibid.</strong></span> <span class='ocrx_word' id='word_1_37' title='bbox 362 824 483 891; x_wconf 80' lang='grc' dir='ltr'><strong><em>Βαιιτὸν</em></strong></span> <span class='ocrx_word' id='word_1_38' title='bbox 503 860 548 874; x_wconf 89' lang='lat'><strong>--</strong></span> <span class='ocrx_word' id='word_1_39' title='bbox 566 824 685 908; x_wconf 83' lang='grc' dir='ltr'><strong><em>νόμον)</em></strong></span> <span class='ocrx_word' id='word_1_40' title='bbox 709 822 815 903; x_wconf 80' lang='grc' dir='ltr'><strong><em>Νόμος</em></strong></span> <span class='ocrx_word' id='word_1_41' title='bbox 827 821 884 910; x_wconf 70' lang='grc' dir='ltr'><strong>γὰρ</strong></span> <span class='ocrx_word' id='word_1_42' title='bbox 902 820 1097 915; x_wconf 73' lang='grc' dir='ltr'><strong><em>Ἀθήνῃσιν,</em></strong></span> <span class='ocrx_word' id='word_1_43' title='bbox 1112 825 1282 889; x_wconf 65' lang='lat' dir='ltr'><strong>m-Satdas</strong></span> 
     </span>
     <span class='ocr_line' id='line_1_7' title="bbox 175 908 1281 996; baseline -0.005 -20"><span class='ocrx_word' id='word_1_44' title='bbox 175 914 239 992; x_wconf 89' lang='lat' dir='ltr'><strong>ait,</strong></span> <span class='ocrx_word' id='word_1_45' title='bbox 261 910 317 987; x_wconf 80' lang='grc' dir='ltr'><strong><em>τὰς·</em></strong></span> <span class='ocrx_word' id='word_1_46' title='bbox 330 913 448 991; x_wconf 75' lang='grc' dir='ltr'><em>ἑταίρας</em></span> <span class='ocrx_word' id='word_1_47' title='bbox 462 908 576 976; x_wconf 71' lang='grc' dir='ltr'><strong><em>ἄνθινοι</em></strong></span> <span class='ocrx_word' id='word_1_48' title='bbox 590 919 707 995; x_wconf 76' lang='grc' dir='ltr'><strong>φορεῖν.</strong></span> <span class='ocrx_word' id='word_1_49' title='bbox 730 910 863 976; x_wconf 82' lang='lat' dir='ltr'><strong>Vonsr,</strong></span> <span class='ocrx_word' id='word_1_50' title='bbox 907 911 1006 995; x_wconf 81' lang='lat' dir='ltr'><strong>Legis</strong></span> <span class='ocrx_word' id='word_1_51' title='bbox 1028 911 1124 996; x_wconf 90' lang='lat' dir='ltr'><strong>hujus</strong></span> <span class='ocrx_word' id='word_1_52' title='bbox 1140 911 1281 972; x_wconf 81' lang='lat' dir='ltr'><strong>Atheni·</strong></span> 
     </span>
     <span class='ocr_line' id='line_1_8' title="bbox 174 984 1281 1081; baseline -0.005 -20"><span class='ocrx_word' id='word_1_53' title='bbox 174 1000 299 1061; x_wconf 85' lang='lat' dir='ltr'><strong>ensium</strong></span> <span class='ocrx_word' id='word_1_54' title='bbox 316 1018 355 1056; x_wconf 88' lang='lat' dir='ltr'><strong>ne</strong></span> <span class='ocrx_word' id='word_1_55' title='bbox 367 998 517 1059; x_wconf 80' lang='lat' dir='ltr'><strong>Meursius</strong></span> <span class='ocrx_word' id='word_1_56' title='bbox 532 984 676 1079; x_wconf 88' lang='lat' dir='ltr'><strong>quidem,</strong></span> <span class='ocrx_word' id='word_1_57' title='bbox 699 996 810 1056; x_wconf 83' lang='lat' dir='ltr'><strong>harum</strong></span> <span class='ocrx_word' id='word_1_58' title='bbox 831 994 1120 1081; x_wconf 77' lang='lat' dir='ltr'><strong>rerum³indagator</strong></span> <span class='ocrx_word' id='word_1_59' title='bbox 1138 994 1281 1079; x_wconf 85' lang='lat' dir='ltr'><strong>diligen-</strong></span> 
     </span>
     <span class='ocr_line' id='line_1_9' title="bbox 174 1076 1281 1165; baseline -0.002 -22"><span class='ocrx_word' id='word_1_60' title='bbox 174 1085 327 1150; x_wconf 83' lang='lat' dir='ltr'><strong>tissimus,</strong></span> <span class='ocrx_word' id='word_1_61' title='bbox 337 1081 421 1164; x_wconf 83' lang='lat' dir='ltr'><strong>spnd</strong></span> <span class='ocrx_word' id='word_1_62' title='bbox 435 1081 514 1140; x_wconf 89' lang='lat' dir='ltr'><strong>alios</strong></span> <span class='ocrx_word' id='word_1_63' title='bbox 529 1076 672 1141; x_wconf 69' lang='lat' dir='ltr'><strong>auctores</strong></span> <span class='ocrx_word' id='word_1_64' title='bbox 687 1080 857 1165; x_wconf 84' lang='lat' dir='ltr'><strong>vestigium</strong></span> <span class='ocrx_word' id='word_1_65' title='bbox 871 1082 1008 1161; x_wconf 87' lang='lat' dir='ltr'><strong>reperire</strong></span> <span class='ocrx_word' id='word_1_66' title='bbox 1021 1079 1139 1162; x_wconf 87' lang='lat' dir='ltr'><strong>potuit.</strong></span> <span class='ocrx_word' id='word_1_67' title='bbox 1163 1079 1281 1161; x_wconf 87' lang='lat' dir='ltr'><strong>Olym·</strong></span> 
     </span>
     <span class='ocr_line' id='line_1_10' title="bbox 173 1162 1279 1251; baseline 0.005 -25"><span class='ocrx_word' id='word_1_68' title='bbox 173 1168 317 1251; x_wconf 83' lang='lat' dir='ltr'><strong>pionrcis</strong></span> <span class='ocrx_word' id='word_1_69' title='bbox 333 1186 446 1245; x_wconf 81' lang='lat' dir='ltr'><strong>nempe</strong></span> <span class='ocrx_word' id='word_1_70' title='bbox 462 1165 538 1225; x_wconf 86' lang='lat' dir='ltr'><strong>solis</strong></span> <span class='ocrx_word' id='word_1_71' title='bbox 553 1162 732 1226; x_wconf 86' lang='lat' dir='ltr'><strong>id&#39;liouiste</strong></span> <span class='ocrx_word' id='word_1_72' title='bbox 746 1168 833 1245; x_wconf 76' lang='lat' dir='ltr'><strong>patet</strong></span> <span class='ocrx_word' id='word_1_73' title='bbox 847 1186 886 1224; x_wconf 85' lang='lat' dir='ltr'><strong>ex</strong></span> <span class='ocrx_word' id='word_1_74' title='bbox 900 1182 1000 1226; x_wconf 80' lang='lat' dir='ltr'><strong>nostro</strong></span> <span class='ocrx_word' id='word_1_75' title='bbox 1005 1213 1016 1245; x_wconf 82' lang='lat'><em>,</em></span> <span class='ocrx_word' id='word_1_76' title='bbox 1031 1167 1171 1231; x_wconf 84' lang='lat' dir='ltr'><strong>Denion.</strong></span> <span class='ocrx_word' id='word_1_77' title='bbox 1186 1180 1214 1227; x_wconf 71' lang='grc' dir='ltr'><strong>ε’.</strong></span> <span class='ocrx_word' id='word_1_78' title='bbox 1227 1173 1279 1235; x_wconf 88' lang='grc'><strong>16.</strong></span> 
     </span>
     <span class='ocr_line' id='line_1_11' title="bbox 173 1248 1293 1332; baseline -0.003 -18"><span class='ocrx_word' id='word_1_79' title='bbox 173 1252 316 1314; x_wconf 85' lang='lat' dir='ltr'><strong>Consule</strong></span> <span class='ocrx_word' id='word_1_80' title='bbox 324 1250 450 1311; x_wconf 83' lang='lat' dir='ltr'><strong>Suidcm</strong></span> <span class='ocrx_word' id='word_1_81' title='bbox 463 1271 493 1312; x_wconf 82' lang='lat' dir='ltr'><strong>v·</strong></span> <span class='ocrx_word' id='word_1_82' title='bbox 502 1248 609 1332; x_wconf 76' lang='grc' dir='ltr'>βαπτὰ,</span> <span class='ocrx_word' id='word_1_83' title='bbox 618 1251 812 1332; x_wconf 77' lang='grc' dir='ltr'><strong>οῐΑνίοιορΙι.</strong></span> <span class='ocrx_word' id='word_1_84' title='bbox 821 1270 850 1329; x_wconf 91' lang='lat' dir='ltr'><strong>p.</strong></span> <span class='ocrx_word' id='word_1_85' title='bbox 860 1254 911 1317; x_wconf 81' lang='grc'><strong>55.</strong></span> <span class='ocrx_word' id='word_1_86' title='bbox 936 1249 997 1310; x_wconf 85' lang='lat' dir='ltr'><strong>Sed</strong></span> <span class='ocrx_word' id='word_1_87' title='bbox 1013 1250 1068 1332; x_wconf 89' lang='lat' dir='ltr'><strong>qui</strong></span> <span class='ocrx_word' id='word_1_88' title='bbox 1076 1248 1122 1327; x_wconf 78' lang='lat' dir='ltr'><strong>fit,</strong></span> <span class='ocrx_word' id='word_1_89' title='bbox 1132 1248 1277 1332; x_wconf 82' lang='lat' dir='ltr'><strong>inquies,</strong></span> <span class='ocrx_word' id='word_1_90' title='bbox 1289 1282 1293 1289; x_wconf 92' lang='lat'>·</span> 
     </span>
     <span class='ocr_line' id='line_1_12' title="bbox 173 1331 1278 1416; baseline -0.004 -21"><span class='ocrx_word' id='word_1_91' title='bbox 173 1352 211 1396; x_wconf 90' lang='lat' dir='ltr'><strong>ut</strong></span> <span class='ocrx_word' id='word_1_92' title='bbox 230 1356 349 1414; x_wconf 81' lang='lat' dir='ltr'><strong>pauper</strong></span> <span class='ocrx_word' id='word_1_93' title='bbox 370 1350 487 1396; x_wconf 86' lang='lat' dir='ltr'><strong>vestem</strong></span> <span class='ocrx_word' id='word_1_94' title='bbox 510 1356 576 1394; x_wconf 88' lang='lat' dir='ltr'><strong>non</strong></span> <span class='ocrx_word' id='word_1_95' title='bbox 599 1335 747 1404; x_wconf 82' lang='lat' dir='ltr'><strong>haberet,</strong></span> <span class='ocrx_word' id='word_1_96' title='bbox 770 1334 834 1393; x_wconf 87' lang='lat' dir='ltr'><strong>nisi</strong></span> <span class='ocrx_word' id='word_1_97' title='bbox 860 1331 998 1416; x_wconf 67' lang='lat' dir='ltr'><strong>pansis?</strong></span> <span class='ocrx_word' id='word_1_98' title='bbox 1018 1337 1139 1395; x_wconf 74' lang='lat' dir='ltr'><strong>Forsan</strong></span> <span class='ocrx_word' id='word_1_99' title='bbox 1162 1342 1195 1396; x_wconf 79' lang='lat' dir='ltr'><strong>et</strong></span> <span class='ocrx_word' id='word_1_100' title='bbox 1219 1333 1278 1396; x_wconf 85' lang='lat' dir='ltr'><strong>hie</strong></span> 
     </span>
     <span class='ocr_line' id='line_1_13' title="bbox 172 1417 1279 1503; baseline -0.001 -22"><span class='ocrx_word' id='word_1_101' title='bbox 172 1420 259 1503; x_wconf 83' lang='lat' dir='ltr'><strong>pullo</strong></span> <span class='ocrx_word' id='word_1_102' title='bbox 278 1418 488 1503; x_wconf 83' lang='lat' dir='ltr'><strong>intelligenda</strong></span> <span class='ocrx_word' id='word_1_103' title='bbox 505 1434 569 1495; x_wconf 85' lang='lat' dir='ltr'><strong>est,</strong></span> <span class='ocrx_word' id='word_1_104' title='bbox 594 1438 659 1500; x_wconf 89' lang='lat' dir='ltr'><strong>quo</strong></span> <span class='ocrx_word' id='word_1_105' title='bbox 675 1440 770 1491; x_wconf 77' lang='lat' dir='ltr'><strong>sensu</strong></span> <span class='ocrx_word' id='word_1_106' title='bbox 784 1417 994 1499; x_wconf 60' lang='lat' dir='ltr'><strong>apud-Athea.</strong></span> <span class='ocrx_word' id='word_1_107' title='bbox 1014 1419 1049 1478; x_wconf 87' lang='lat' dir='ltr'><strong>in</strong></span> <span class='ocrx_word' id='word_1_108' title='bbox 1064 1418 1201 1480; x_wconf 82' lang='lat' dir='ltr'><strong>Comi&#39;c&#39;o</strong></span> <span class='ocrx_word' id='word_1_109' title='bbox 1222 1440 1279 1480; x_wconf 87' lang='lat' dir='ltr'><strong>sn·</strong></span> 
     </span>
     <span class='ocr_line' id='line_1_14' title="bbox 174 1502 1278 1589; baseline 0.001 -26"><span class='ocrx_word' id='word_1_110' title='bbox 174 1505 291 1581; x_wconf 83' lang='lat' dir='ltr'><strong>mitur,</strong></span> <span class='ocrx_word' id='word_1_111' title='bbox 316 1510 389 1571; x_wconf 73' lang='lat'><strong>290.-</strong></span> <span class='ocrx_word' id='word_1_112' title='bbox 405 1504 447 1563; x_wconf 88' lang='lat' dir='ltr'><strong>C.·</strong></span> <span class='ocrx_word' id='word_1_113' title='bbox 466 1504 593 1567; x_wconf 76' lang='lat' dir='ltr'><strong>Sonam</strong></span> <span class='ocrx_word' id='word_1_114' title='bbox 632 1505 742 1564; x_wconf 86' lang='lat' dir='ltr'><strong>Solum</strong></span> <span class='ocrx_word' id='word_1_115' title='bbox 755 1503 851 1584; x_wconf 87' lang='lat' dir='ltr'><strong>hu&#39;jus</strong></span> <span class='ocrx_word' id='word_1_116' title='bbox 867 1504 949 1589; x_wconf 83' lang='lat' dir='ltr'><strong>legis</strong></span> <span class='ocrx_word' id='word_1_117' title='bbox 962 1517 1074 1565; x_wconf 88' lang='lat' dir='ltr'><strong>testem</strong></span> <span class='ocrx_word' id='word_1_118' title='bbox 1087 1502 1278 1587; x_wconf 84' lang='lat' dir='ltr'><strong>producunt</strong></span> 
     </span>
     <span class='ocr_line' id='line_1_15' title="bbox 174 1582 1277 1666; baseline -0.001 -17"><span class='ocrx_word' id='word_1_119' title='bbox 174 1588 344 1650; x_wconf 80' lang='lat' dir='ltr'><strong>Lucionrtm</strong></span> <span class='ocrx_word' id='word_1_120' title='bbox 365 1588 392 1649; x_wconf 83' lang='lat' dir='ltr'><strong>J.</strong></span> <span class='ocrx_word' id='word_1_121' title='bbox 411 1588 560 1649; x_wconf 76' lang='lat' dir='ltr'><strong>Msmsius</strong></span> <span class='ocrx_word' id='word_1_122' title='bbox 573 1588 687 1653; x_wconf 82' lang='lat' dir='ltr'><strong>Them.</strong></span> <span class='ocrx_word' id='word_1_123' title='bbox 702 1582 770 1650; x_wconf 75' lang='lat' dir='ltr'><strong>Att.</strong></span> <span class='ocrx_word' id='word_1_124' title='bbox 786 1586 838 1666; x_wconf 83' lang='lat' dir='ltr'><strong>II,</strong></span> <span class='ocrx_word' id='word_1_125' title='bbox 862 1596 915 1659; x_wconf 78' lang='lat'><strong>84.</strong></span> <span class='ocrx_word' id='word_1_126' title='bbox 932 1586 1067 1651; x_wconf 81' lang='lat' dir='ltr'><strong>Panath.</strong></span> <span class='ocrx_word' id='word_1_127' title='bbox 1084 1608 1112 1649; x_wconf 79' lang='lat' dir='ltr'><strong>o.</strong></span> <span class='ocrx_word' id='word_1_128' title='bbox 1126 1588 1220 1650; x_wconf 75' lang='lat' dir='ltr'>XIV.</span> <span class='ocrx_word' id='word_1_129' title='bbox 1243 1602 1277 1649; x_wconf 81' lang='lat' dir='ltr'><strong>et</strong></span> 
     </span>
     <span class='ocr_line' id='line_1_16' title="bbox 175 1671 1286 1769; baseline -0.002 -34"><span class='ocrx_word' id='word_1_130' title='bbox 175 1673 261 1735; x_wconf 87' lang='lat' dir='ltr'><strong>Sam.</strong></span> <span class='ocrx_word' id='word_1_131' title='bbox 277 1671 386 1734; x_wconf 73' lang='lat' dir='ltr'><strong>Potitus</strong></span> <span class='ocrx_word' id='word_1_132' title='bbox 399 1674 468 1733; x_wconf 87' lang='lat' dir='ltr'><strong>LL.</strong></span> <span class='ocrx_word' id='word_1_133' title='bbox 485 1673 551 1736; x_wconf 80' lang='lat' dir='ltr'><strong>Att.</strong></span> <span class='ocrx_word' id='word_1_134' title='bbox 572 1695 644 1756; x_wconf 81' lang='lat' dir='ltr'><strong>pag.</strong></span> <span class='ocrx_word' id='word_1_135' title='bbox 662 1682 712 1741; x_wconf 77' lang='lat'><strong>23.</strong></span> <span class='ocrx_word' id='word_1_136' title='bbox 730 1692 827 1753; x_wconf 83' lang='lat' dir='ltr'><strong>quare</strong></span> <span class='ocrx_word' id='word_1_137' title='bbox 849 1674 1014 1745; x_wconf 80' lang='lat' dir='ltr'><strong>aSolono‚</strong></span> <span class='ocrx_word' id='word_1_138' title='bbox 1039 1694 1079 1732; x_wconf 83' lang='lat' dir='ltr'><strong>att</strong></span> <span class='ocrx_word' id='word_1_139' title='bbox 1104 1678 1286 1769; x_wconf 61' lang='lat' dir='ltr'><strong>pott&#39;eum&#39;</strong></span> 
     </span>
    </p>

    <p class='ocr_par' dir='ltr' id='par_1_4' title="bbox 156 1756 1274 1839">
     <span class='ocr_line' id='line_1_17' title="bbox 156 1756 1274 1839; baseline 0.002 -22"><span class='ocrx_word' id='word_1_140' title='bbox 156 1758 276 1839; x_wconf 66' lang='lat' dir='ltr'><strong>‚fuerit</strong></span> <span class='ocrx_word' id='word_1_141' title='bbox 287 1762 368 1834; x_wconf 86' lang='lat' dir='ltr'><strong>lata,</strong></span> <span class='ocrx_word' id='word_1_142' title='bbox 393 1757 521 1817; x_wconf 88' lang='lat' dir='ltr'><strong>decerni</strong></span> <span class='ocrx_word' id='word_1_143' title='bbox 537 1758 666 1839; x_wconf 88' lang='lat' dir='ltr'><strong>nequit:</strong></span> <span class='ocrx_word' id='word_1_144' title='bbox 690 1756 774 1815; x_wconf 88' lang='lat' dir='ltr'><strong>ratio</strong></span> <span class='ocrx_word' id='word_1_145' title='bbox 797 1771 902 1819; x_wconf 88' lang='lat' dir='ltr'><strong>tamen</strong></span> <span class='ocrx_word' id='word_1_146' title='bbox 918 1778 983 1817; x_wconf 87' lang='lat' dir='ltr'><strong>non</strong></span> <span class='ocrx_word' id='word_1_147' title='bbox 1003 1770 1052 1819; x_wconf 88' lang='lat' dir='ltr'><strong>est</strong></span> <span class='ocrx_word' id='word_1_148' title='bbox 1063 1757 1099 1817; x_wconf 93' lang='lat' dir='ltr'><strong>in</strong></span> <span class='ocrx_word' id='word_1_149' title='bbox 1119 1756 1274 1824; x_wconf 66' lang='lat' dir='ltr'><strong>&#39;obscuro</strong></span> 
     </span>
    </p>

    <p class='ocr_par' dir='ltr' id='par_1_5' title="bbox 172 1841 1277 2348">
     <span class='ocr_line' id='line_1_18' title="bbox 176 1841 1277 1904; baseline -0.001 0"><span class='ocrx_word' id='word_1_150' title='bbox 176 1843 310 1904; x_wconf 82' lang='lat' dir='ltr'><strong>Scilicet</strong></span> <span class='ocrx_word' id='word_1_151' title='bbox 323 1841 418 1902; x_wconf 92' lang='lat' dir='ltr'><strong>ludos</strong></span> <span class='ocrx_word' id='word_1_152' title='bbox 436 1842 630 1901; x_wconf 81' lang='lat' dir='ltr'><strong>castissimae</strong></span> <span class='ocrx_word' id='word_1_153' title='bbox 643 1843 786 1902; x_wconf 88' lang='lat' dir='ltr'><strong>Dearum</strong></span> <span class='ocrx_word' id='word_1_154' title='bbox 797 1841 968 1902; x_wconf 80' lang='lat' dir='ltr'><strong>Minervae</strong></span> <span class='ocrx_word' id='word_1_155' title='bbox 983 1852 1088 1903; x_wconf 85' lang='lat' dir='ltr'><strong>sacros</strong></span> <span class='ocrx_word' id='word_1_156' title='bbox 1106 1843 1140 1902; x_wconf 90' lang='lat' dir='ltr'><strong>in</strong></span> <span class='ocrx_word' id='word_1_157' title='bbox 1157 1850 1277 1904; x_wconf 83' lang='lat' dir='ltr'><strong>ornatu</strong></span> 
     </span>
     <span class='ocr_line' id='line_1_19' title="bbox 173 1924 1275 2029; baseline 0.005 -42"><span class='ocrx_word' id='word_1_158' title='bbox 173 1924 354 2029; x_wconf 67' lang='lat' dir='ltr'><strong>meretricio</strong></span> <span class='ocrx_word' id='word_1_159' title='bbox 371 1948 407 1986; x_wconf 88' lang='lat' dir='ltr'><strong>ao</strong></span> <span class='ocrx_word' id='word_1_160' title='bbox 420 1927 552 1986; x_wconf 87' lang='lat' dir='ltr'><strong>lenonio</strong></span> <span class='ocrx_word' id='word_1_161' title='bbox 568 1927 706 2008; x_wconf 88' lang='lat' dir='ltr'><strong>spectari</strong></span> <span class='ocrx_word' id='word_1_162' title='bbox 723 1931 913 1988; x_wconf 78' lang='lat' dir='ltr'><strong>nolueruntz</strong></span> <span class='ocrx_word' id='word_1_163' title='bbox 932 1924 1142 2010; x_wconf 77' lang='grc' dir='ltr'><strong><em>νιορνοβοσιιός</em></strong></span> <span class='ocrx_word' id='word_1_164' title='bbox 1156 1926 1275 2011; x_wconf 63' lang='lat' dir='ltr'><strong>pausia</strong></span> 
     </span>
     <span class='ocr_line' id='line_1_20' title="bbox 173 2009 1276 2179; baseline 0.003 -20"><span class='ocrx_word' id='word_1_165' title='bbox 173 2009 1128 2179; x_wconf 48' lang='lat' dir='ltr'><strong>tillidilf‘illlllllldtllilll&amp;tillidi</strong></span> <span class='ocrx_word' id='word_1_166' title='bbox 1141 2011 1276 2179; x_wconf 52' lang='lat' dir='ltr'><strong>isid}</strong></span> 
     </span>
     <span class='ocr_line' id='line_1_21' title="bbox 174 2172 1275 2266; baseline 0.002 -25"><span class='ocrx_word' id='word_1_167' title='bbox 174 2183 245 2241; x_wconf 88' lang='lat' dir='ltr'><strong>sive</strong></span> <span class='ocrx_word' id='word_1_168' title='bbox 261 2172 511 2265; x_wconf 73' lang='grc' dir='ltr'><strong><em>ἆνθινοὶςφορεῖν</em></strong></span> <span class='ocrx_word' id='word_1_169' title='bbox 525 2203 581 2262; x_wconf 88' lang='lat' dir='ltr'><strong>per</strong></span> <span class='ocrx_word' id='word_1_170' title='bbox 596 2186 679 2266; x_wconf 82' lang='lat' dir='ltr'><strong>leges</strong></span> <span class='ocrx_word' id='word_1_171' title='bbox 693 2181 802 2256; x_wconf 88' lang='lat' dir='ltr'><strong>licuit,</strong></span> <span class='ocrx_word' id='word_1_172' title='bbox 826 2202 958 2265; x_wconf 85' lang='lat' dir='ltr'><strong>quarum</strong></span> <span class='ocrx_word' id='word_1_173' title='bbox 972 2180 1034 2241; x_wconf 84' lang='lat' dir='ltr'><strong>usu</strong></span> <span class='ocrx_word' id='word_1_174' title='bbox 1054 2183 1211 2259; x_wconf 83' lang='lat' dir='ltr'><strong>matronis</strong></span> <span class='ocrx_word' id='word_1_175' title='bbox 1225 2182 1275 2243; x_wconf 87' lang='lat' dir='ltr'><strong>in·</strong></span> 
     </span>
     <span class='ocr_line' id='line_1_22' title="bbox 172 2262 1273 2348; baseline 0.003 -22"><span class='ocrx_word' id='word_1_176' title='bbox 172 2262 354 2326; x_wconf 85' lang='lat' dir='ltr'><strong>terdictnm·</strong></span> <span class='ocrx_word' id='word_1_177' title='bbox 368 2282 453 2328; x_wconf 89' lang='lat' dir='ltr'><strong>erat:</strong></span> <span class='ocrx_word' id='word_1_178' title='bbox 477 2266 560 2328; x_wconf 77' lang='lat' dir='ltr'><strong>Sam.</strong></span> <span class='ocrx_word' id='word_1_179' title='bbox 575 2266 693 2327; x_wconf 50' lang='lat' dir='ltr'><strong>¹Potitus</strong></span> <span class='ocrx_word' id='word_1_180' title='bbox 714 2264 753 2324; x_wconf 83' lang='lat' dir='ltr'><strong>ad</strong></span> <span class='ocrx_word' id='word_1_181' title='bbox 771 2264 840 2328; x_wconf 79' lang='lat' dir='ltr'><strong>LL.</strong></span> <span class='ocrx_word' id='word_1_182' title='bbox 863 2266 931 2330; x_wconf 85' lang='lat' dir='ltr'><strong>Att.</strong></span> <span class='ocrx_word' id='word_1_183' title='bbox 953 2286 985 2348; x_wconf 90' lang='lat' dir='ltr'><strong>p.</strong></span> <span class='ocrx_word' id='word_1_184' title='bbox 1000 2264 1214 2341; x_wconf 67' lang='lat' dir='ltr'><strong>476.3Kul¹ter.</strong></span> <span class='ocrx_word' id='word_1_185' title='bbox 1233 2266 1273 2328; x_wconf 85' lang='lat' dir='ltr'><strong>ad</strong></span> 
     </span>
    </p>
   </div>
   <div class='ocr_carea' id='block_1_3' title="bbox 50 2340 1274 2435">
    <p class='ocr_par' dir='ltr' id='par_1_6' title="bbox 50 2340 1274 2435">
     <span class='ocr_line' id='line_1_23' title="bbox 50 2340 1274 2435; baseline -0.002 -25"><span class='ocrx_word' id='word_1_186' title='bbox 50 2414 53 2425; x_wconf 58' lang='grc'>,</span> <span class='ocrx_word' id='word_1_187' title='bbox 175 2349 262 2411; x_wconf 74' lang='grc' dir='ltr'><strong>διιίᾱ.</strong></span> <span class='ocrx_word' id='word_1_188' title='bbox 279 2351 315 2409; x_wconf 85' lang='lat' dir='ltr'><strong>in</strong></span> <span class='ocrx_word' id='word_1_189' title='bbox 331 2349 491 2426; x_wconf 75' lang='grc' dir='ltr'><strong><em>Ζάλευκος.</em></strong></span> <span class='ocrx_word' id='word_1_190' title='bbox 532 2349 679 2411; x_wconf 86' lang='lat' dir='ltr'><strong>Floridas</strong></span> <span class='ocrx_word' id='word_1_191' title='bbox 697 2363 800 2410; x_wconf 89' lang='lat' dir='ltr'><strong>autem</strong></span> <span class='ocrx_word' id='word_1_192' title='bbox 814 2349 969 2431; x_wconf 89' lang='lat' dir='ltr'><strong>ejusmodi</strong></span> <span class='ocrx_word' id='word_1_193' title='bbox 983 2340 1148 2413; x_wconf 74' lang='lat' dir='ltr'><strong>vestes&#39;ol</strong></span> <span class='ocrx_word' id='word_1_194' title='bbox 1204 2350 1274 2435; x_wconf 88' lang='lat' dir='ltr'><strong>pio.</strong></span> 
     </span>
    </p>
   </div>
   <div class='ocr_carea' id='block_1_4' title="bbox 94 2431 1297 4218">
    <p class='ocr_par' dir='ltr' id='par_1_7' title="bbox 94 2431 1297 4218">
     <span class='ocr_line' id='line_1_24' title="bbox 173 2431 1272 2518; baseline 0.008 -28"><span class='ocrx_word' id='word_1_195' title='bbox 173 2431 257 2491; x_wconf 79' lang='lat' dir='ltr'><strong>uicis</strong></span> <span class='ocrx_word' id='word_1_196' title='bbox 270 2434 400 2495; x_wconf 85' lang='lat' dir='ltr'><strong>licuisse</strong></span> <span class='ocrx_word' id='word_1_197' title='bbox 415 2436 490 2494; x_wconf 89' lang='lat' dir='ltr'><strong>solis</strong></span> <span class='ocrx_word' id='word_1_198' title='bbox 507 2444 645 2518; x_wconf 84' lang='lat' dir='ltr'><strong>gestare,</strong></span> <span class='ocrx_word' id='word_1_199' title='bbox 670 2433 780 2515; x_wconf 83' lang='lat' dir='ltr'><strong>colligi</strong></span> <span class='ocrx_word' id='word_1_200' title='bbox 801 2434 882 2492; x_wconf 88' lang='lat' dir='ltr'><strong>mihi</strong></span> <span class='ocrx_word' id='word_1_201' title='bbox 902 2455 995 2516; x_wconf 86' lang='lat' dir='ltr'><strong>posse</strong></span> <span class='ocrx_word' id='word_1_202' title='bbox 1017 2456 1084 2496; x_wconf 87' lang='lat' dir='ltr'><strong>non</strong></span> <span class='ocrx_word' id='word_1_203' title='bbox 1105 2434 1140 2498; x_wconf 83' lang='lat' dir='ltr'><strong>vi</strong></span> <span class='ocrx_word' id='word_1_204' title='bbox 1162 2440 1272 2499; x_wconf 79' lang='lat' dir='ltr'><strong>etu&#39;re</strong></span> 
     </span>
     <span class='ocr_line' id='line_1_25' title="bbox 173 2516 1271 2600; baseline 0.004 -23"><span class='ocrx_word' id='word_1_205' title='bbox 173 2516 305 2578; x_wconf 80' lang='lat' dir='ltr'><strong>Lucioni</strong></span> <span class='ocrx_word' id='word_1_206' title='bbox 322 2520 540 2597; x_wconf 83' lang='lat' dir='ltr'><strong>Demonacte,</strong></span> <span class='ocrx_word' id='word_1_207' title='bbox 563 2516 618 2600; x_wconf 90' lang='lat' dir='ltr'><strong>qui</strong></span> <span class='ocrx_word' id='word_1_208' title='bbox 641 2530 752 2576; x_wconf 86' lang='lat' dir='ltr'><strong>contra</strong></span> <span class='ocrx_word' id='word_1_209' title='bbox 776 2516 948 2599; x_wconf 83' lang='lat' dir='ltr'><strong>Olympiae</strong></span> <span class='ocrx_word' id='word_1_210' title='bbox 968 2520 1124 2581; x_wconf 83' lang='lat' dir='ltr'><strong>victorem</strong></span> <span class='ocrx_word' id='word_1_211' title='bbox 1147 2518 1271 2600; x_wconf 88' lang='lat' dir='ltr'><strong>irridet,</strong></span> 
     </span>
     <span class='ocr_line' id='line_1_26' title="bbox 173 2598 1272 2689; baseline 0.007 -31"><span class='ocrx_word' id='word_1_212' title='bbox 173 2598 262 2684; x_wconf 89' lang='lat' dir='ltr'><strong>quod</strong></span> <span class='ocrx_word' id='word_1_213' title='bbox 279 2623 401 2662; x_wconf 88' lang='lat' dir='ltr'><strong>cumea</strong></span> <span class='ocrx_word' id='word_1_214' title='bbox 415 2617 520 2678; x_wconf 85' lang='lat' dir='ltr'><strong>veste,</strong></span> <span class='ocrx_word' id='word_1_215' title='bbox 545 2622 626 2682; x_wconf 88' lang='lat' dir='ltr'><strong>quae</strong></span> <span class='ocrx_word' id='word_1_216' title='bbox 643 2600 748 2661; x_wconf 88' lang='lat' dir='ltr'><strong>virum</strong></span> <span class='ocrx_word' id='word_1_217' title='bbox 769 2600 884 2663; x_wconf 85' lang='lat' dir='ltr'><strong>fortem</strong></span> <span class='ocrx_word' id='word_1_218' title='bbox 907 2600 1088 2681; x_wconf 85' lang='lat' dir='ltr'><strong>dedeceret,</strong></span> <span class='ocrx_word' id='word_1_219' title='bbox 1112 2603 1150 2665; x_wconf 89' lang='lat' dir='ltr'><strong>in</strong></span> <span class='ocrx_word' id='word_1_220' title='bbox 1165 2605 1272 2689; x_wconf 87' lang='lat' dir='ltr'><strong>publi·</strong></span> 
     </span>
     <span class='ocr_line' id='line_1_27' title="bbox 174 2683 1271 2773; baseline 0.007 -29"><span class='ocrx_word' id='word_1_221' title='bbox 174 2706 245 2744; x_wconf 87' lang='lat' dir='ltr'><strong>curn</strong></span> <span class='ocrx_word' id='word_1_222' title='bbox 267 2684 399 2766; x_wconf 89' lang='lat' dir='ltr'><strong>prodire</strong></span> <span class='ocrx_word' id='word_1_223' title='bbox 418 2708 485 2747; x_wconf 90' lang='lat' dir='ltr'><strong>non</strong></span> <span class='ocrx_word' id='word_1_224' title='bbox 505 2700 680 2747; x_wconf 84' lang='lat' dir='ltr'><strong>vereretur:</strong></span> <span class='ocrx_word' id='word_1_225' title='bbox 703 2683 790 2744; x_wconf 87' lang='lat' dir='ltr'><strong>aliud</strong></span> <span class='ocrx_word' id='word_1_226' title='bbox 809 2685 894 2746; x_wconf 86' lang='lat' dir='ltr'><strong>enini</strong></span> <span class='ocrx_word' id='word_1_227' title='bbox 914 2700 978 2763; x_wconf 86' lang='lat' dir='ltr'><strong>est,</strong></span> <span class='ocrx_word' id='word_1_228' title='bbox 1003 2685 1131 2773; x_wconf 76' lang='lat' dir='ltr'><strong>quando</strong></span> <span class='ocrx_word' id='word_1_229' title='bbox 1153 2692 1271 2771; x_wconf 71' lang='lat' dir='ltr'><strong>pompe</strong></span> 
     </span>
     <span class='ocr_line' id='line_1_28' title="bbox 173 2758 1271 2857; baseline 0.005 -29"><span class='ocrx_word' id='word_1_230' title='bbox 173 2770 311 2829; x_wconf 89' lang='lat' dir='ltr'><strong>solemni</strong></span> <span class='ocrx_word' id='word_1_231' title='bbox 325 2770 464 2832; x_wconf 86' lang='lat' dir='ltr'><strong>victores</strong></span> <span class='ocrx_word' id='word_1_232' title='bbox 477 2770 510 2830; x_wconf 90' lang='lat' dir='ltr'><strong>in</strong></span> <span class='ocrx_word' id='word_1_233' title='bbox 524 2768 633 2830; x_wconf 81' lang='lat' dir='ltr'><strong>&#39;urbem</strong></span> <span class='ocrx_word' id='word_1_234' title='bbox 651 2769 786 2851; x_wconf 88' lang='lat' dir='ltr'><strong>patriam</strong></span> <span class='ocrx_word' id='word_1_235' title='bbox 800 2769 1035 2833; x_wconf 84' lang='lat' dir='ltr'><strong>invehebantur</strong></span> <span class='ocrx_word' id='word_1_236' title='bbox 1051 2758 1271 2857; x_wconf 48' lang='lat' dir='ltr'><strong>&amp;sideman</strong></span> 
     </span>
     <span class='ocr_line' id='line_1_29' title="bbox 172 2853 1281 2940; baseline 0.009 -26"><span class='ocrx_word' id='word_1_237' title='bbox 172 2868 263 2915; x_wconf 84' lang='lat' dir='ltr'><strong>veste</strong></span> <span class='ocrx_word' id='word_1_238' title='bbox 279 2855 463 2937; x_wconf 86' lang='lat' dir='ltr'><strong>conspicui,</strong></span> <span class='ocrx_word' id='word_1_239' title='bbox 479 2876 542 2937; x_wconf 87' lang='lat' dir='ltr'><strong>qua</strong></span> <span class='ocrx_word' id='word_1_240' title='bbox 557 2853 595 2915; x_wconf 86' lang='lat' dir='ltr'><strong>de</strong></span> <span class='ocrx_word' id='word_1_241' title='bbox 610 2876 644 2916; x_wconf 88' lang='lat' dir='ltr'><strong>re</strong></span> <span class='ocrx_word' id='word_1_242' title='bbox 658 2853 810 2939; x_wconf 79' lang='lat' dir='ltr'><strong>legendus</strong></span> <span class='ocrx_word' id='word_1_243' title='bbox 825 2854 1094 2940; x_wconf 63' lang='lat' dir='ltr'><strong>estuaspsnttm.</strong></span> <span class='ocrx_word' id='word_1_244' title='bbox 1108 2855 1150 2918; x_wconf 83' lang='lat' dir='ltr'><strong>ad</strong></span> <span class='ocrx_word' id='word_1_245' title='bbox 1157 2856 1281 2925; x_wconf 63' lang='lat' dir='ltr'><strong>attam</strong></span> 
     </span>
     <span class='ocr_line' id='line_1_30' title="bbox 175 2938 1277 3024; baseline 0.003 -24"><span class='ocrx_word' id='word_1_246' title='bbox 175 2938 268 3002; x_wconf 86' lang='lat' dir='ltr'><strong>Caes.</strong></span> <span class='ocrx_word' id='word_1_247' title='bbox 285 2941 420 3003; x_wconf 84' lang='lat' dir='ltr'><strong>Preu&#39;ves</strong></span> <span class='ocrx_word' id='word_1_248' title='bbox 435 2940 489 3002; x_wconf 91' lang='lat' dir='ltr'><strong>des</strong></span> <span class='ocrx_word' id='word_1_249' title='bbox 502 2942 695 3024; x_wconf 86' lang='lat' dir='ltr'><strong>Remarq.p.</strong></span> <span class='ocrx_word' id='word_1_250' title='bbox 712 2946 782 3007; x_wconf 77' lang='lat'><strong>129.</strong></span> <span class='ocrx_word' id='word_1_251' title='bbox 804 2940 946 3002; x_wconf 67' lang='lat' dir='ltr'><strong>Human-</strong></span> <span class='ocrx_word' id='word_1_252' title='bbox 1183 2956 1201 2983; x_wconf 91' lang='lat'><strong>-&#39;</strong></span> <span class='ocrx_word' id='word_1_253' title='bbox 1274 2944 1277 2949; x_wconf 81' lang='grc'><strong><em>’</em></strong></span> 
     </span>
     <span class='ocr_line' id='line_1_31' title="bbox 94 3019 1272 3113; baseline 0.007 -30"><span class='ocrx_word' id='word_1_254' title='bbox 94 3046 97 3053; x_wconf 91' lang='lat'>·</span> <span class='ocrx_word' id='word_1_255' title='bbox 258 3024 335 3086; x_wconf 80' lang='lat' dir='ltr'><strong>End.</strong></span> <span class='ocrx_word' id='word_1_256' title='bbox 358 3030 380 3088; x_wconf 90' lang='lat' dir='ltr'><strong>l.</strong></span> <span class='ocrx_word' id='word_1_257' title='bbox 403 3034 433 3093; x_wconf 74' lang='lat'><strong>2·</strong></span> <span class='ocrx_word' id='word_1_258' title='bbox 467 3027 527 3095; x_wconf 77' lang='grc' dir='ltr'><strong>Καὶ</strong></span> <span class='ocrx_word' id='word_1_259' title='bbox 539 3030 594 3089; x_wconf 81' lang='grc' dir='ltr'><strong>τοῦ</strong></span> <span class='ocrx_word' id='word_1_260' title='bbox 605 3024 740 3109; x_wconf 79' lang='grc' dir='ltr'><strong><em>κήρυκος</em></strong></span> <span class='ocrx_word' id='word_1_261' title='bbox 752 3019 949 3111; x_wconf 70' lang='grc' dir='ltr'><strong><em>ἀνειπόντος)</em></strong></span> <span class='ocrx_word' id='word_1_262' title='bbox 971 3025 1089 3113; x_wconf 78' lang='lat' dir='ltr'><strong>Legem</strong></span> <span class='ocrx_word' id='word_1_263' title='bbox 1114 3048 1158 3090; x_wconf 80' lang='lat' dir='ltr'><strong>ex</strong></span> <span class='ocrx_word' id='word_1_264' title='bbox 1174 3026 1272 3091; x_wconf 63' lang='lat' dir='ltr'><strong>setta</strong></span> 
     </span>
     <span class='ocr_line' id='line_1_32' title="bbox 151 3110 1272 3194; baseline 0.004 -24"><span class='ocrx_word' id='word_1_265' title='bbox 151 3125 271 3191; x_wconf 83' lang='lat' dir='ltr'><strong>&#39;supra</strong></span> <span class='ocrx_word' id='word_1_266' title='bbox 284 3112 397 3172; x_wconf 78' lang='lat' dir='ltr'><strong>retuli:</strong></span> <span class='ocrx_word' id='word_1_267' title='bbox 420 3112 514 3171; x_wconf 87' lang='lat' dir='ltr'><strong>aliam</strong></span> <span class='ocrx_word' id='word_1_268' title='bbox 534 3130 674 3170; x_wconf 87' lang='lat' dir='ltr'><strong>caussam</strong></span> <span class='ocrx_word' id='word_1_269' title='bbox 688 3111 743 3171; x_wconf 90' lang='lat' dir='ltr'><strong>hic</strong></span> <span class='ocrx_word' id='word_1_270' title='bbox 758 3110 916 3194; x_wconf 74' lang='lat' dir='ltr'><strong>adsignat.</strong></span> <span class='ocrx_word' id='word_1_271' title='bbox 960 3113 1022 3174; x_wconf 82' lang='lat' dir='ltr'><strong>Sed</strong></span> <span class='ocrx_word' id='word_1_272' title='bbox 1043 3111 1272 3177; x_wconf 66' lang='lat' dir='ltr'><strong>Bonita-noti-</strong></span> 
     </span>
     <span class='ocr_line' id='line_1_33' title="bbox 133 3170 1273 3283; baseline 0.011 -32"><span class='ocrx_word' id='word_1_273' title='bbox 133 3230 136 3234; x_wconf 88' lang='lat'>·</span> <span class='ocrx_word' id='word_1_274' title='bbox 173 3193 345 3276; x_wconf 86' lang='lat' dir='ltr'><strong>piendum,</strong></span> <span class='ocrx_word' id='word_1_275' title='bbox 368 3195 504 3256; x_wconf 84' lang='lat' dir='ltr'><strong>Athenis</strong></span> <span class='ocrx_word' id='word_1_276' title='bbox 522 3197 639 3279; x_wconf 76' lang='grc' dir='ltr'><strong><em>ἓιοίρας</em></strong></span> <span class='ocrx_word' id='word_1_277' title='bbox 657 3192 679 3276; x_wconf 74' lang='grc' dir='ltr'><em>ἢ</em></span> <span class='ocrx_word' id='word_1_278' title='bbox 697 3192 878 3281; x_wconf 69' lang='grc' dir='ltr'><strong><em>γοναῖιιοιςνῖ</em></strong></span> <span class='ocrx_word' id='word_1_279' title='bbox 894 3193 1031 3263; x_wconf 75' lang='grc' dir='ltr'><strong><em>τοιοῦτον</em></strong></span> <span class='ocrx_word' id='word_1_280' title='bbox 1048 3222 1078 3261; x_wconf 83' lang='grc' dir='ltr'><strong>τι</strong></span> <span class='ocrx_word' id='word_1_281' title='bbox 1089 3170 1161 3264; x_wconf 64' lang='lat' dir='ltr'><strong>dato</strong></span> <span class='ocrx_word' id='word_1_282' title='bbox 1173 3194 1273 3283; x_wconf 78' lang='lat' dir='ltr'><strong>cippo·</strong></span> 
     </span>
     <span class='ocr_line' id='line_1_34' title="bbox 174 3275 1282 3367; baseline 0.005 -24"><span class='ocrx_word' id='word_1_283' title='bbox 174 3279 326 3354; x_wconf 74' lang='grc' dir='ltr'><strong><em>ὁισιάζον,</em></strong></span> <span class='ocrx_word' id='word_1_284' title='bbox 356 3278 472 3363; x_wconf 78' lang='grc' dir='ltr'><strong><em>βαπτὸν</em></strong></span> <span class='ocrx_word' id='word_1_285' title='bbox 491 3278 514 3361; x_wconf 72' lang='grc' dir='ltr'><strong>η’</strong></span> <span class='ocrx_word' id='word_1_286' title='bbox 540 3275 680 3364; x_wconf 77' lang='grc' dir='ltr'><strong><em>ἀνθηρὸν</em></strong></span> <span class='ocrx_word' id='word_1_287' title='bbox 703 3282 771 3363; x_wconf 66' lang='grc' dir='ltr'><strong><em>ἔχον</em></strong></span> <span class='ocrx_word' id='word_1_288' title='bbox 793 3278 927 3363; x_wconf 70' lang='grc' dir='ltr'><strong><em>ἱμάτιον,</em></strong></span> <span class='ocrx_word' id='word_1_289' title='bbox 957 3278 1087 3367; x_wconf 72' lang='grc' dir='ltr'><strong><em>ἄγεσθαι</em></strong></span> <span class='ocrx_word' id='word_1_290' title='bbox 1110 3282 1197 3366; x_wconf 70' lang='lat' dir='ltr'><strong>sapt</strong></span> <span class='ocrx_word' id='word_1_291' title='bbox 1218 3282 1282 3349; x_wconf 71' lang='lat' dir='ltr'><strong>cdv*</strong></span> 
     </span>
     <span class='ocr_line' id='line_1_35' title="bbox 173 3358 1274 3452; baseline 0.003 -24"><span class='ocrx_word' id='word_1_292' title='bbox 173 3359 388 3446; x_wconf 64' lang='grc' dir='ltr'><strong><em>ἀγωνοθέτην,</em></strong></span> <span class='ocrx_word' id='word_1_293' title='bbox 410 3362 496 3450; x_wconf 89' lang='lat' dir='ltr'><strong>quod</strong></span> <span class='ocrx_word' id='word_1_294' title='bbox 512 3363 692 3426; x_wconf 78' lang='lat' dir='ltr'><strong>adfuissent</strong></span> <span class='ocrx_word' id='word_1_295' title='bbox 704 3362 751 3452; x_wconf 66' lang='grc' dir='ltr'><strong>τῷ</strong></span> <span class='ocrx_word' id='word_1_296' title='bbox 758 3358 1173 3452; x_wconf 65' lang='grc' dir='ltr'><strong><em>ἇγοῑνιτοῖνᾙανοιθηνὰίων.</em></strong></span> <span class='ocrx_word' id='word_1_297' title='bbox 1193 3366 1274 3431; x_wconf 79' lang='lat' dir='ltr'><strong>haec</strong></span> 
     </span>
     <span class='ocr_line' id='line_1_36' title="bbox 175 3447 1281 3531; baseline 0.01 -26"><span class='ocrx_word' id='word_1_298' title='bbox 175 3447 254 3506; x_wconf 86' lang='lat' dir='ltr'><strong>alibi</strong></span> <span class='ocrx_word' id='word_1_299' title='bbox 270 3448 433 3529; x_wconf 89' lang='lat' dir='ltr'><strong>copiosius</strong></span> <span class='ocrx_word' id='word_1_300' title='bbox 447 3448 647 3531; x_wconf 82' lang='lat' dir='ltr'><strong>explicanda.</strong></span> <span class='ocrx_word' id='word_1_301' title='bbox 676 3448 812 3531; x_wconf 73' lang='lat' dir='ltr'><strong>Bonan.</strong></span> <span class='ocrx_word' id='word_1_302' title='bbox 1065 3460 1069 3467; x_wconf 94' lang='lat'>&#39;</span> <span class='ocrx_word' id='word_1_303' title='bbox 1128 3456 1133 3463; x_wconf 81' lang='grc'><strong>’</strong></span> <span class='ocrx_word' id='word_1_304' title='bbox 1276 3456 1281 3463; x_wconf 80' lang='grc'><em>“</em></span> 
     </span>
     <span class='ocr_line' id='line_1_37' title="bbox 256 3530 1273 3623; baseline 0.009 -31"><span class='ocrx_word' id='word_1_305' title='bbox 256 3531 333 3593; x_wconf 80' lang='lat' dir='ltr'><strong>End.</strong></span> <span class='ocrx_word' id='word_1_306' title='bbox 356 3539 378 3596; x_wconf 89' lang='lat' dir='ltr'><strong>l.</strong></span> <span class='ocrx_word' id='word_1_307' title='bbox 402 3543 431 3602; x_wconf 82' lang='lat'><strong>3.</strong></span> <span class='ocrx_word' id='word_1_308' title='bbox 468 3530 600 3623; x_wconf 75' lang='grc' dir='ltr'><strong><em>Τοιαῦτῃ</em></strong></span> <span class='ocrx_word' id='word_1_309' title='bbox 622 3535 747 3620; x_wconf 75' lang='grc' dir='ltr'><strong>ἐσθῆτι)</strong></span> <span class='ocrx_word' id='word_1_310' title='bbox 782 3535 885 3599; x_wconf 79' lang='lat' dir='ltr'><strong>Recte</strong></span> <span class='ocrx_word' id='word_1_311' title='bbox 905 3548 997 3616; x_wconf 79' lang='lat' dir='ltr'><strong>sane,</strong></span> <span class='ocrx_word' id='word_1_312' title='bbox 1013 3535 1054 3597; x_wconf 63' lang='lat' dir='ltr'><strong>&#39;si</strong></span> <span class='ocrx_word' id='word_1_313' title='bbox 1085 3540 1273 3622; x_wconf 72' lang='lat' dir='ltr'><strong>sequeretur</strong></span> 
     </span>
     <span class='ocr_line' id='line_1_38' title="bbox 173 3610 1281 3708; baseline 0.008 -30"><span class='ocrx_word' id='word_1_314' title='bbox 173 3610 342 3700; x_wconf 67' lang='grc' dir='ltr'><strong><em>χρώμενος·</em></strong></span> <span class='ocrx_word' id='word_1_315' title='bbox 364 3618 669 3703; x_wconf 71' lang='lat' dir='ltr'><strong>transscribendum</strong></span> <span class='ocrx_word' id='word_1_316' title='bbox 681 3628 781 3702; x_wconf 78' lang='lat' dir='ltr'><strong>puto,</strong></span> <span class='ocrx_word' id='word_1_317' title='bbox 806 3625 965 3704; x_wconf 53' lang='lat' dir='ltr'><strong>imiimi</strong></span> <span class='ocrx_word' id='word_1_318' title='bbox 986 3618 1156 3707; x_wconf 66' lang='lat' dir='ltr'><strong>dvt&#39;otqdop</strong></span> <span class='ocrx_word' id='word_1_319' title='bbox 1166 3624 1281 3708; x_wconf 74' lang='grc' dir='ltr'><strong><em>ἐσθῆτι·</em></strong></span> 
     </span>
     <span class='ocr_line' id='line_1_39' title="bbox 173 3698 1274 3792; baseline 0.004 -27"><span class='ocrx_word' id='word_1_320' title='bbox 173 3698 339 3782; x_wconf 72' lang='grc' dir='ltr'><strong><em>θεώμενος.</em></strong></span> <span class='ocrx_word' id='word_1_321' title='bbox 385 3700 659 3788; x_wconf 82' lang='lat' dir='ltr'><strong>Quemadmodum</strong></span> <span class='ocrx_word' id='word_1_322' title='bbox 673 3705 734 3767; x_wconf 87' lang='lat' dir='ltr'><strong>illa·</strong></span> <span class='ocrx_word' id='word_1_323' title='bbox 743 3706 864 3784; x_wconf 86' lang='lat' dir='ltr'><strong>virtus,</strong></span> <span class='ocrx_word' id='word_1_324' title='bbox 887 3706 929 3770; x_wconf 83' lang='lat' dir='ltr'><strong>de</strong></span> <span class='ocrx_word' id='word_1_325' title='bbox 946 3722 1007 3792; x_wconf 84' lang='lat' dir='ltr'><strong>qua</strong></span> <span class='ocrx_word' id='word_1_326' title='bbox 1024 3706 1169 3789; x_wconf 74' lang='lat' dir='ltr'><strong>pluribus</strong></span> <span class='ocrx_word' id='word_1_327' title='bbox 1193 3708 1274 3769; x_wconf 87' lang='lat' dir='ltr'><strong>alibi</strong></span> 
     </span>
     <span class='ocr_line' id='line_1_40' title="bbox 175 3785 1287 3869; baseline 0.009 -24"><span class='ocrx_word' id='word_1_328' title='bbox 175 3785 295 3861; x_wconf 79' lang='lat' dir='ltr'><strong>dicam,</strong></span> <span class='ocrx_word' id='word_1_329' title='bbox 319 3787 569 3869; x_wconf 76' lang='lat' dir='ltr'><strong>praepositionis</strong></span> <span class='ocrx_word' id='word_1_330' title='bbox 587 3790 625 3861; x_wconf 78' lang='grc' dir='ltr'><strong>ἐν,</strong></span> <span class='ocrx_word' id='word_1_331' title='bbox 636 3803 684 3852; x_wconf 84' lang='lat' dir='ltr'><strong>ott</strong></span> <span class='ocrx_word' id='word_1_332' title='bbox 698 3804 794 3869; x_wconf 82' lang='lat' dir='ltr'><strong>nota,</strong></span> <span class='ocrx_word' id='word_1_333' title='bbox 814 3791 862 3851; x_wconf 83' lang='lat' dir='ltr'><strong>sic</strong></span> <span class='ocrx_word' id='word_1_334' title='bbox 877 3791 983 3851; x_wconf 88' lang='lat' dir='ltr'><strong>omitti</strong></span> <span class='ocrx_word' id='word_1_335' title='bbox 998 3792 1032 3851; x_wconf 89' lang='lat' dir='ltr'><strong>in</strong></span> <span class='ocrx_word' id='word_1_336' title='bbox 1052 3791 1117 3853; x_wconf 82' lang='lat' dir='ltr'><strong>hae</strong></span> <span class='ocrx_word' id='word_1_337' title='bbox 1132 3794 1287 3856; x_wconf 73' lang='lat' dir='ltr'><strong>similive</strong></span> 
     </span>
     <span class='ocr_line' id='line_1_41' title="bbox 173 3870 1281 3959; baseline 0.007 -27"><span class='ocrx_word' id='word_1_338' title='bbox 173 3870 341 3932; x_wconf 76' lang='lat' dir='ltr'><strong>locutione</strong></span> <span class='ocrx_word' id='word_1_339' title='bbox 356 3894 493 3954; x_wconf 87' lang='lat' dir='ltr'><strong>unquam</strong></span> <span class='ocrx_word' id='word_1_340' title='bbox 506 3872 592 3934; x_wconf 86' lang='lat' dir='ltr'><strong>haud</strong></span> <span class='ocrx_word' id='word_1_341' title='bbox 609 3873 757 3956; x_wconf 81' lang='lat' dir='ltr'><strong>equidem</strong></span> <span class='ocrx_word' id='word_1_342' title='bbox 771 3874 911 3940; x_wconf 85' lang='lat' dir='ltr'><strong>memini.</strong></span> <span class='ocrx_word' id='word_1_343' title='bbox 934 3876 1070 3941; x_wconf 79' lang='lat' dir='ltr'><strong>Hester.</strong></span> <span class='ocrx_word' id='word_1_344' title='bbox 1104 3877 1281 3959; x_wconf 67' lang='lat' dir='ltr'><strong>‘Apertum&#39;</strong></span> 
     </span>
     <span class='ocr_line' id='line_1_42' title="bbox 174 3954 1273 4043; baseline 0.005 -27"><span class='ocrx_word' id='word_1_345' title='bbox 174 3955 294 4016; x_wconf 84' lang='lat' dir='ltr'><strong>vitium</strong></span> <span class='ocrx_word' id='word_1_346' title='bbox 316 3956 351 4015; x_wconf 90' lang='lat' dir='ltr'><strong>in</strong></span> <span class='ocrx_word' id='word_1_347' title='bbox 368 3954 505 4038; x_wconf 80' lang='lat' dir='ltr'><strong>vulgatis&#39;</strong></span> <span class='ocrx_word' id='word_1_348' title='bbox 524 3954 646 4023; x_wconf 83' lang='lat' dir='ltr'><strong>verbis..</strong></span> <span class='ocrx_word' id='word_1_349' title='bbox 668 3956 956 4043; x_wconf 52' lang='lat' dir='ltr'><strong>&#39;Xpoiptuocaerm</strong></span> <span class='ocrx_word' id='word_1_350' title='bbox 981 3960 1069 4043; x_wconf 90' lang='lat' dir='ltr'><strong>quod</strong></span> <span class='ocrx_word' id='word_1_351' title='bbox 1089 3962 1168 4023; x_wconf 84' lang='lat' dir='ltr'><strong>olim</strong></span> <span class='ocrx_word' id='word_1_352' title='bbox 1189 3962 1273 4023; x_wconf 84' lang='lat' dir='ltr'><strong>mihi</strong></span> 
     </span>
     <span class='ocr_line' id='line_1_43' title="bbox 127 4038 1275 4128; baseline 0.007 -28"><span class='ocrx_word' id='word_1_353' title='bbox 127 4061 131 4080; x_wconf 88' lang='grc'>·</span> <span class='ocrx_word' id='word_1_354' title='bbox 176 4038 212 4100; x_wconf 89' lang='lat' dir='ltr'><strong>in</strong></span> <span class='ocrx_word' id='word_1_355' title='bbox 230 4053 366 4103; x_wconf 87' lang='lat' dir='ltr'><strong>mentem</strong></span> <span class='ocrx_word' id='word_1_356' title='bbox 388 4055 536 4116; x_wconf 81' lang='lat' dir='ltr'><strong>venerat,</strong></span> <span class='ocrx_word' id='word_1_357' title='bbox 557 4041 688 4126; x_wconf 82' lang='lat' dir='ltr'><strong>linguae</strong></span> <span class='ocrx_word' id='word_1_358' title='bbox 712 4043 839 4128; x_wconf 88' lang='lat' dir='ltr'><strong>quidem</strong></span> <span class='ocrx_word' id='word_1_359' title='bbox 859 4043 983 4128; x_wconf 81' lang='lat' dir='ltr'><strong>legibus</strong></span> <span class='ocrx_word' id='word_1_360' title='bbox 1001 4049 1063 4127; x_wconf 86' lang='lat' dir='ltr'><strong>jam</strong></span> <span class='ocrx_word' id='word_1_361' title='bbox 1081 4045 1275 4125; x_wconf 79' lang='lat' dir='ltr'><strong>satisfaciat‚&#39;</strong></span> 
     </span>
     <span class='ocr_line' id='line_1_44' title="bbox 175 4125 1297 4218; baseline 0.006 -32"><span class='ocrx_word' id='word_1_362' title='bbox 175 4144 282 4211; x_wconf 78' lang='lat' dir='ltr'><strong>neque</strong></span> <span class='ocrx_word' id='word_1_363' title='bbox 294 4139 399 4191; x_wconf 70' lang='lat' dir='ltr'><strong>nmen</strong></span> <span class='ocrx_word' id='word_1_364' title='bbox 414 4146 486 4188; x_wconf 82' lang='lat' dir='ltr'><strong>cum</strong></span> <span class='ocrx_word' id='word_1_365' title='bbox 503 4125 679 4218; x_wconf 62' lang='lat' dir='ltr'><strong>lucigsossu</strong></span> <span class='ocrx_word' id='word_1_366' title='bbox 693 4127 900 4197; x_wconf 59' lang='lat' dir='ltr'><strong>saumatam</strong></span> <span class='ocrx_word' id='word_1_367' title='bbox 910 4127 994 4193; x_wconf 83' lang='lat' dir='ltr'><strong>Nam</strong></span> <span class='ocrx_word' id='word_1_368' title='bbox 1008 4139 1078 4195; x_wconf 80' lang='lat' dir='ltr'><strong>nou</strong></span> <span class='ocrx_word' id='word_1_369' title='bbox 1091 4131 1274 4195; x_wconf 83' lang='lat' dir='ltr'><strong>omnisaoin&#39;</strong></span> <span class='ocrx_word' id='word_1_370' title='bbox 1292 4148 1297 4157; x_wconf 90' lang='grc'>’</span> 
     </span>
    </p>
   </div>
   <div class='ocr_carea' id='block_1_5' title="bbox 0 0 1325 4680">
    <p class='ocr_par' dir='ltr' id='par_1_8' title="bbox 0 0 1325 4680">
     <span class='ocr_line' id='line_1_45' title="bbox 0 0 1325 4680; baseline 0 0"><span class='ocrx_word' id='word_1_371' title='bbox 0 0 1325 4680; x_wconf 95' lang='lat' dir='ltr'><strong> </strong></span> 
     </span>
    </p>
   </div>
  </div>
 </body>
</html>
