2640 4680
212 316 709 424 sonrrrrsdun
759 327 1219 416 nocturnum

107 519 162 586 dri
180 519 375 605 impostoris
395 536 440 578 ex
458 513 596 576 Lucieno
611 519 758 588 enarrat,
781 526 881 592 quem
902 525 947 569 ex
959 498 1071 569 Nostro
1089 521 1217 598 petens.¹
1293 504 1301 522 ⁸

111 623 189 687 dam
203 644 273 685 non
296 618 505 705 repetemus,
530 613 615 675 haec
636 624 749 674 tamen
774 629 818 671 ex
832 630 865 692 p.
881 614 955 677 713.
973 628 1044 694 seq.
1062 609 1104 677 ad
1119 626 1217 677 neta.

108 736 181 789 tem
196 719 501 803 Lucianisacientia
514 734 584 777 non
598 711 808 775 omittemus:
826 709 928 773 Fama
935 710 1125 775 Alexandri
1136 736 1218 781 mox
1240 768 1247 777 .

106 826 146 888 in
158 823 296 888 Italiam
306 839 413 905 usque
429 817 540 880 deletu
562 827 630 894 est,
654 823 689 906 et
703 814 950 881 venerabantur
970 834 1048 879 eum
1062 820 1166 883 etiam
1178 822 1219 887 in

108 927 190 989 aula
209 924 260 986 M
277 921 421 998 ’Aurelii,
449 919 508 983 ubi
525 931 703 1001 patronum
722 914 840 976 habuit
853 911 1082 998 Rutilianum,
1104 922 1219 987 virum
1288 898 1297 919 ⁹

108 1029 240 1115 primae
256 1024 445 1105 dignitatis,
467 1018 528 1082 sed
542 1015 721 1082 admodum
735 1014 1020 1101 superstitiosum,
1037 1021 1160 1107 quique
1175 1044 1217 1091 eo

109 1128 304 1194 dementiae
316 1123 496 1211 processit,
518 1131 558 1181 ut
570 1131 680 1183 aetate
701 1115 803 1181 valde
823 1121 971 1202 profecta
989 1119 1094 1185 liliam
1112 1114 1215 1205 hujus
1296 1108 1307 1129 ’

107 1229 304 1318 impostoris
334 1224 498 1304 duceret,
525 1220 663 1284 credens
689 1218 822 1282 Lunam
858 1223 928 1298 ejus
958 1239 1030 1282 esse
1060 1236 1233 1291 matrem..

91 1326 96 1335 “
109 1333 209 1396 Falsa
216 1348 302 1416 quae
311 1325 462 1390 ediderat
474 1325 607 1388 oracula
617 1321 774 1383 seeum
785 1331 819 1383 et
828 1320 954 1382 Vindici
961 1323 1099 1388 ducibus
1110 1348 1215 1392 exer-

111 1436 240 1510 cituum
255 1429 494 1505 Romanorum,
504 1421 682 1508 (Pseudom.
701 1421 1043 1503 c.‘27.)auctoritatem
1057 1430 1129 1505 e'jus
1145 1449 1215 1516 non

110 1536 310 1600 minuebant
322 1528 360 1590 in
375 1527 544 1590 mentibus
556 1525 707 1604 illorum,
731 1546 814 1610 quos
831 1523 972 1589 daemon
988 1528 1137 1614 captivos
1156 1543 1216 1596 te·-

113 1638 209 1716 nuit,
230 1634 356 1721 quique
372 1630 561 1709 merebant,
584 1624 626 1690 uf
640 1627 774 1712 spiritui
794 1628 914 1690 erroris
934 1625 1215 1713 relinquerentur,

114 1747 153 1799 ut
164 1733 341 1799 crederent
355 1730 546 1810 mendacio,
568 1727 657 1816 quod
675 1751 742 1791 non
755 1742 950 1813 receperant
970 1749 1012 1809 ac,
1026 1729 1216 1798 dilexerant
1303 1787 1306 1794 .

93 1868 96 1873 ·
116 1839 304 1914 ueritatem,
329 1853 413 1919 quae
428 1852 485 1896 eos
500 1830 542 1894 ad
563 1833 705 1896 salutem
717 1829 939 1916 perduxisset.

199 2058 249 2122 Eo
262 2077 361 2143 porro
375 2056 575 2119 insolentiae
588 2073 780 2138 progressus
800 2066 870 2128 est,
895 2064 932 2116 ut
954 2058 993 2118 ab
1007 2052 1226 2142 Imperatore‘

119 2162 251 2225 reniam
279 2170 411 2238 rogaret
438 2170 594 2220 monetae
623 2155 877 2240 percutiendae,
922 2177 1006 2239 quae
1032 2158 1215 2238 imaginem

121 2281 211 2326 suam
227 2265 268 2325 ab
281 2263 384 2325 altera
402 2271 514 2344 parte,
537 2270 572 2320 et
586 2255 743 2340 Glyconis
758 2257 798 2318 ab
820 2258 923 2319 altera
945 2261 1094 2323 referret.
1137 2259 1214 2333 Non

125 2363 265 2444 additur,
281 2360 410 2425 numid
426 2361 615 2424 obtinuerit.
640 2359 717 2441 [sed
731 2350 880 2442 exparte
897 2360 1082 2425 obtinuisse
1094 2348 1214 2431 existi'.

127 2478 190 2529 mat
200 2464 329 2530 Solonas·
343 2466 379 2525 in
393 2477 472 2527 nota
488 2464 529 2527 ad
544 2487 571 2526 c.
586 2467 637 2532 58.
659 2461 834 2544 Pseudomss]

130 2708 139 2738 ,.
200 2658 302 2725 Fraus
315 2657 450 2723 tandem
467 2657 567 2723 desiit
579 2671 686 2724 morte
706 2659 908 2745 impostoris.
929 2668 973 2706 ’-
993 2658 1098 2724 I‘eriit
1121 2660 1213 2726 enim
1252 2724 1256 2730 ,
1309 2726 1312 2734 ,

88 2824 92 2841 ι
132 2773 196 2825 mte
215 2765 265 2825 M.
286 2761 462 2838 Aurelium,
494 2762 544 2841 (si
571 2763 631 2824 ille
661 2760 752 2825 idem
775 2776 825 2825 est
844 2758 1059 2839 Alexander)
1080 2761 1120 2824 de
1145 2782 1212 2848 quo

88 2846 93 2933 ξ
134 2864 326 2945 Athenagoras
339 2886 371 2949 p.
387 2869 428 2929 29
446 2876 481 2926 et
504 2870 555 2931 30.
573 2866 636 2943 ait,
660 2867 744 2926 circa
760 2886 884 2927 annum
900 2871 970 2931 180.
993 2864 1138 2950 conspici
1152 2884 1214 2926 se-
1313 2875 1315 2880 '

124 2966 268 3056 ¹pulcrum
289 2967 328 3028 in
342 2985 435 3044 area,
461 2967 574 3048 grande
591 2965 679 3048 place
699 2965 790 3048 (l'oro
810 2969 957 3044 majore)
982 2965 1097 3030 l'ariae
1121 2966 1214 3028 urbis

128 3062 345 3153 Hellesponti,
367 3069 403 3128 in
423 3067 606 3153 eodemque
625 3073 699 3131 foro
722 3079 830 3130 statua
845 3069 945 3130 etiarn
969 3082 1041 3131 erat
1054 3069 1214 3131 Alexan-

137 3163 190 3247 iri,
211 3173 265 3233 cui
285 3170 527 3233 sacrificabatur
547 3182 584 3232 ut
608 3169 698 3247 Deo,
727 3173 879 3254 festaque
899 3172 1030 3255 publica
1052 3170 1215 3233 institue-

103 3342 106 3347 ·
136 3267 253 3352 lentur,
279 3290 338 3356 spe
353 3271 552 3385 obtipendae
567 3271 749 3335 sanationis
763 3291 781 3332 a
794 3271 897 3334 variis
909 3274 1042 3338 morbis.

202 3467 359 3532 Lucienus
372 3464 505 3529 tandem
521 3438 675 3530 adcusare
691 3464 921 3530 Alexandrum
940 3469 1085 3531 tentarit
1107 3469 1218 3529 coram

137 3571 282 3649 praefecto
305 3567 483 3648 Bithyniae
513 3583 547 3631 et
568 3566 683 3631 Ponti:
716 3567 868 3659 sedeam
893 3571 980 3630 nihil
1006 3564 1219 3632 obtineretis
1306 3588 1311 3595 ·

135 3673 282 3749 praesecto
320 3683 511 3749 metuente,
560 3691 602 3732 ne
647 3670 856 3733 Rutilianum
894 3669 1095 3750 offenderet,
1144 3691 1215 3733 non

135 3767 214 3833 atum
239 3768 398 3832 Lucienus
425 3771 466 3834 de
495 3773 692 3836 Alexandro
720 3763 903 3835 vindictam
933 3792 1065 3837 sumere
1092 3773 1215 3859 potuit,
1276 3814 1280 3821 ·
1312 3851 1317 3857 ι

132 3889 212 3954 quam
237 3876 308 3951 ejus
329 3875 454 3951 vitam,
477 3889 652 3959 postquam
674 3876 830 3954 obiisset,
864 3876 1049 3938 scribendo.
1099 3874 1152 3939 Ibi
1178 3895 1215 3938 se

128 3968 287 4063 inimicum
302 3977 373 4065 ejus
387 3977 578 4060 profitetur,
600 3976 751 4060 adeoque
766 3979 947 4041 accidentia
967 3978 1125 4063 quaedam
1150 3975 1216 4037 ad-

124 4068 237 4140 didisse
256 4077 385 4160 potuit,
414 4080 641 4172 quibushunc
657 4063 874 4167 impostorem
888 4081 993 4162 magis
1012 4082 1213 4145 diffamaret·
