2640 4680
198 368 274 440 toa
465 360 1030 426 annonarroxns

194 555 248 598 me
269 548 399 613 possum
418 529 605 609 impetrare,
637 537 675 584 ut
686 502 847 586 dimittam
871 521 954 586 illud
975 521 1071 609 πρός·
1100 539 1201 627 atque
1225 526 1305 597 adeo

195 616 395 705 perlibenter
409 612 580 689 ¹restituam
591 607 803 692 Ἀκαρνᾶνας’
827 611 874 672 ita
893 608 1018 692 duplici
1033 611 1174 674 victoria
1193 615 1303 677 Timo·

195 705 249 767 nis
261 701 432 774 virtutem,
456 697 556 759 caesis
577 710 609 775 et
624 696 848 781 Acarnaniblus
865 710 896 757 et
913 695 1180 779 Peloponnesiis,
1204 700 1303 763 fnisse

192 784 332 875 potitam
348 784 504 847 mentitur
512 783 657 863 impurus
671 780 842 844 adulator.·
858 784 1042 844 Acarnanes
1055 797 1160 845 autem
1176 787 1301 849 strenui

193 889 227 938 et
241 871 317 934 belli
333 868 429 931 lauda
444 889 481 928 ao
496 865 689 941 mercenaria
706 866 825 928 militia
842 867 922 926 olari
938 888 1032 949 saepe
1047 890 1118 929 cum
1136 868 1300 932 Lacedae

191 957 315 1021 moniis
333 953 484 1017 adversus
500 949 717 1033 Athenienses
735 954 911 1013 steterunt:
941 952 1133 1035 quinetiam
1158 956 1299 1018 Pericles

77 1068 81 1077 ⁴
191 1042 229 1107 in
251 1038 495 1112 scamoniam.
510 1035 600 1119 prius
618 1037 876 1118 Peloponnesum
902 1035 1134 1118 depopulatus,
1158 1040 1300 1123 expedi-

191 1128 351 1190 ditionem
370 1122 530 1204 suscepit:
552 1118 763 1186 Plutarcl.·T.
777 1121 804 1188 Ι.
828 1142 860 1202 p.
879 1128 949 1190 163.
972 1124 1017 1185 D.
1042 1144 1107 1205 qno
1133 1126 1299 1206 pertinent

189 1211 271 1277 haec
286 1208 436 1293 Aristidis
451 1210 491 1269 T.
507 1206 534 1268 Ῑ.
554 1226 585 1311 p
603 1214 678 1275 302.
706 1204 743 1267 C·
774 1213 836 1271 caia
858 1207 891 1289 §v
907 1203 1102 1297 Ἀκαρνανίᾳ
1120 1204 1221 1297 (ὑπὲρ
1247 1218 1296 1317 ταῖς

188 1301 255 1369 lael
266 1295 465 1379 πραχθέντων
476 1287 643 1375 ‘Elladocl
664 1298 696 1352 e't
713 1294 750 1351 T.
768 1292 811 1351 11.
836 1313 866 1371 p.
883 1298 933 1361 48.
949 1293 986 1355 Β.
1010 1290 1080 1359 olda
1093 1294 1125 1358 di
1132 1298 1176 1371 εἰς
1196 1299 1295 1361 Olncu.

189 1388 245 1458 δας
255 1376 459 1464 Ἀκαρνάνων
471 1377 650 1460 διαβάντας“
674 1375 749 1437 vide
764 1376 888 1443 Diodor.
903 1376 967 1439 Sic·
985 1377 1088 1460 ΧῙ.-Ρ.
1101 1387 1175 1448 286·
1189 1380 1226 1444 Β.
1235 1387 1294 1463 jam

188 1467 276 1531 nihil
296 1465 442 1547 impedit,
453 1484 518 1546 quo
531 1463 637 1524 minus
648 1463 786 1523 Demeas
796 1483 914 1543 ponere
928 1462 1085 1542 credatur,
1097 1463 1131 1523 in
1148 1464 1213 1526 hac
1228 1466 1292 1548 ipsa

187 1550 400 1635 expeditione
414 1551 568 1612 virtutem
582 1546 732 1609 Timonis
750 1546 922 1611 enituisse:
945 1570 1019 1609 nam
1040 1562 1078 1609 ut
1097 1569 1137 1611 eo
1162 1550 1289 1628 referas,

209 1660 254 1699 uo
266 1634 374 1698 voluit
380 1634 488 1712 Faber,
498 1630 587 1693 haud
601 1632 734 1693 omnino
751 1633 963 1693 necessarium
972 1630 1114 1697 videturc
1124 1630 1291 1719 ἀριστεύειν

186 1724 265 1807 νπὲρ
279 1727 333 1803 τῆς
350 1718 467 1794 πόλεως
488 1732 572 1779 recte
598 1716 739 1789 dicitur²
766 1717 952 1799 ubicunque
973 1722 1117 1781 locorum
1141 1723 1218 1802 quis
1234 1742 1289 1805 pro

170 1808 293 1895 'patrio
308 1805 438 1885 fortiter
452 1826 517 1865 rem
535 1802 627 1886 gerit.
670 1805 771 1866 Porro
791 1823 857 1861 non
875 1802 1091 1883 insolentem,
1115 1802 1174 1867 has
1190 1822 1289 1869 utras.

186 1915 252 1979 que
266 1888 480 1954 vooesaedem
498 1889 584 1948 inter
602 1898 635 1948 se
654 1898 796 1949 mutare:
821 1885 947 1948 Senecae
965 1887 998 1946 in
1017 1888 1154 1971 Hippol.
1178 1912 1211 1953 v.
1239 1900 1288 1961 21.

184 2000 247 2064 pro
277 1975 426 2041 Acarnan
459 1977 512 2035 vel
537 1971 706 2034 Acharnan
735 1969 946 2032 reddiderunt
980 1973 1158 2037 Acharneus
1185 1974 1218 2039 J.
1238 1976 1287 2038 Fr.

189 2064 357 2128 Gronovius
378 2072 411 2123 et
431 2058 460 2121 J.
489 2058 640 2121 Maur-sias
665 2058 698 2116 iu
720 2057 792 2118 Rel.
818 2056 886 2119 Art.
906 2056 1007 2136 Vide,
1040 2078 1122 2143 quae
1146 2058 1288 2123 dicemus

186 2147 227 2211 ad
256 2146 360 2208 Diall.
383 2146 469 2209 Mer.
496 2142 571 2219 vtt.
616 2143 750 2204 Hausr.
778 2141 823 2204 Il.
884 2142 1008 2203 Vitium
1041 2140 1145 2207 inesse
1182 2146 1286 2209 verbis

184 2232 264 2317 πρὸς
277 2229 462 2316 Ἀχαρνέας,
483 2233 546 2313 jam
562 2241 637 2310 post
648 2226 742 2289 Fabri
756 2241 790 2288 et
805 2225 1020 2289 Honorerlan'i
1040 2225 1287 2294 demonstratio·

90 2324 96 2337 ‘
184 2340 241 2381 nes
256 2319 375 2379 clarum
390 2318 527 2397 cuique,
552 2312 609 2397 qui
623 2333 690 2374 non
706 2312 885 2389 coecatiat,
916 2310 1103 2374 accedebat.
1150 2312 1226 2397 Qua
1242 2338 1286 2377 ra.

183 2404 275 2467 tione
290 2394 631 2474 illudemendandum‚
655 2417 759 2477 neque
772 2395 836 2457 hoc
854 2397 887 2456 in
905 2396 1055 2481 ambiguo
1068 2397 1204 2482 reliquit
1217 2424 1286 2463 acu·

181 2508 256 2549 men
272 2507 309 2546 ac
323 2484 495 2583 diligentia
519 2481 633 2540 summi
653 2479 780 2543 Critici.
813 2481 932 2541 Vellem
956 2481 1052 2543 modo
1075 2504 1111 2543 ea
1136 2505 1215 2547 vere
1234 2485 1286 2547 di-

182 2571 316 2632 xissete
339 2587 446 2651 regina
468 2564 536 2643 vir,
569 2584 650 2645 quae
670 2563 872 2633 dicturumse
888 2586 954 2625 esse
971 2565 1009 2626 ad
1030 2566 1131 2633 Diali.
1153 2568 1284 2635 Merett.

181 2654 258 2732 vll,
273 2662 304 2724 3.
317 2591 352 2713 i.
366 2657 388 2714 l.
402 2650 589 2734 pollicetur.
636 2646 731 2709 Certe
745 2648 775 2710 J.
790 2648 826 2708 F.
842 2648 976 2741 Reirzim
991 2649 1039 2711 ibi
1063 2656 1144 2713 male
1164 2655 1204 2715 in
1218 2661 1283 2739 ejus

178 2745 287 2805 locum
296 2737 459 2801 succeseit.
497 2734 580 2795 Nom
596 2733 683 2794 nihil
697 2734 978 2815 profecturorum
998 2758 1052 2817 per
1068 2744 1198 2799 omnem
1213 2761 1283 2824 pro.

53 2878 57 2885 .
108 2868 111 2873 -
178 2824 322 2890 vinciam
338 2821 491 2884 Criticam
507 2818 676 2903 obtingere
691 2830 813 2902 potest,
840 2839 934 2902 quam
955 2820 1024 2881 illic
1040 2820 1104 2902 ¹pro
1124 2815 1283 2910 Ἀκαρνα.

176 2908 260 2992 eucig,
283 2905 371 2993 quod
387 2905 524 2968 retinuit
536 2903 645 2984 Rara,
669 2903 838 2989 legendum
851 2924 919 2965 esse
935 2924 1007 2965 cum
1019 2904 1120 2993 (ξυνα.
1130 2922 1163 2970 et
1177 2910 1283 2973 Mna.

173 3001 227 3083 gio
243 2990 431 3079 Ἀχαραεύς,
463 2988 551 3075 quod
569 2995 621 3052 vel
640 2990 757 3051 leviter
779 3003 903 3052 tantum
920 2989 1022 3050 varias
1039 2988 1104 3052 loci
1122 2996 1281 3075 lectiones
1311 2990 1319 2999 ’

174 3080 330 3144 lustranti
347 3079 382 3139 in
402 3080 512 3136 oculos
531 3076 675 3135 incurrat
693 3096 819 3136 necesse
833 3088 888 3138 est.
934 3074 1016 3136 Inde
1031 3068 1216 3141 verosimul
1230 3100 1287 3161 ραι.

173 3181 232 3246 tet,
256 3186 350 3250 quam
366 3162 463 3223 facile
482 3159 586 3220 tribus
603 3160 752 3221 Acharna
764 3173 797 3221 et
812 3161 991 3231 Acarnania
1005 3177 1087 3220 terra
1102 3181 1120 3221 a
1138 3162 1281 3240 librariis

171 3250 348 3336 permutari
365 3246 544 3328 potuerint,
568 3258 599 3306 et
616 3266 688 3306 vere
703 3246 769 3304 sint
782 3257 992 3325 permutatae.
1016 3243 1152 3311 Viderat
1168 3248 1279 3333 itaque

170 3334 254 3394 mihi
281 3333 430 3417 profecto
452 3351 522 3392 meo
543 3333 617 3390 loco
633 3333 695 3410 jam
717 3350 837 3389 novum
860 3348 997 3390 errorem
1009 3327 1149 3392 Laciano
1164 3348 1277 3405 nostro

171 3418 304 3497 inferre,
322 3418 349 3477 oi
363 3431 501 3477 veterem
520 3412 643 3474 diutins
663 3417 799 3475 tolerare
823 3416 954 3487 vellem;
985 3412 1082 3495 idque
1098 3436 1138 3477 co
1163 3418 1278 3503 magio,

169 3524 267 3587 quum
282 3505 380 3565 etiam
401 3498 596 3575 Wielrndius,
619 3519 684 3579 quo
699 3517 765 3559 erat
784 3498 925 3581 eleganti
940 3497 1080 3587 jndiciop
1099 3498 1135 3558 in
1153 3506 1281 3581 vernio-

168 3606 211 3650 ne
224 3588 414 3653 Germanica
429 3584 644 3646 Henruerhuaii
664 3583 921 3645 emendationem
931 3584 934 3591 '
944 3595 1071 3645 secutus
1083 3584 1139 3654 sit.
1161 3588 1277 3653 Lm,

211 3752 217 3769 ’
254 3756 332 3821 Eud.
354 3761 376 3822 l.
396 3765 445 3825 17.
469 3751 669 3839 Αὗομοίρας)
684 3750 1139 3839 Complureapdpagscribunt.
1162 3754 1276 3823 Biton.

165 3845 205 3913 T.
216 3842 313 3905 Faber
327 3865 438 3904 vocem
453 3842 604 3903 Graecam
620 3844 654 3900 in
670 3840 820 3902 versione
834 3843 969 3915 retinete
990 3839 1074 3901 idem
1095 3842 1158 3915 (M.
1173 3838 1280 3925 viros)

164 3927 292 3993 inserit.
337 3930 426 4008 Alius
448 3930 500 3989 vir
523 3928 638 3986 doctus
662 3926 946 4004 cohorreamavnlt,
969 3944 1029 4009 ego
1049 3929 1184 4007 agmina.
1210 3930 1278 3991 So.

166 4036 247 4081 nau.
291 4014 430 4075 Facinus
446 4013 580 4089 illustre,
595 4013 622 4071 si
636 4026 770 4092 spectes,
795 4008 833 4070 ad
851 4009 1044 4092 lpbicratern
1063 4028 1186 4091 quanta
1202 4013 1276 4081 red.

165 4100 298 4163 undarit
314 4106 385 4161 laus
401 4098 440 4158 ‘ex
456 4118 506 4175 eo,
532 4096 619 4178 quod
635 4120 730 4158 unam
745 4093 841 4157 modo
855 4093 1189 4158 Lacedaemoniorum
1204 4120 1278 4161 mo.
1298 4168 1303 4179 Ι

166 4206 232 4248 ram
249 4182 444 4251 conciderit:
468 4182 576 4244 inille
596 4179 731 4244 historia
745 4176 903 4243 narranda
917 4178 1089 4243 formulam
1107 4182 1273 4263 quatiam
