2640 4680
250 386 274 439 ,
389 333 455 417 τω
509 326 857 435 ariacum:
1043 322 1166 423 ι467

57 538 122 586 tam
142 517 314 581 inusitata:
343 510 469 597 Wolfius
485 510 636 573 adsciscit
649 505 779 596 ξἐἰςᾶδῳ,
808 507 896 573 haud
918 511 1048 595 inepte:
1075 514 1167 581 Peri-i

57 598 171 683 aonias,
195 605 224 665 si
240 603 352 664 v'erum
366 597 475 658 dicere
489 597 578 676 licet,
604 596 738 658 absurde
752 592 866 684 ἡμέρῳ·
891 597 963 678 quis
979 600 1064 659 euim
1080 604 1165 664 auri.

60 694 123 753 bus
138 687 324 752 exercitatis
339 682 523 758 inauditum
537 681 695 766 loquendi
711 703 812 764 genus
828 683 920 759 ferat,
930 687 1094 771 τραγῳδῶν
1107 685 1166 769 την

58 774 169 858 „amalo
182 772 319 857 ἦμέραα,·
341 770 432 849 Ego,
458 789 529 826 curn
545 763 836 847 praestantissimus
854 765 932 831 cod.
951 767 1033 850 Aug.
1049 793 1167 854 suppa.

59 861 141 923 ditet
154 867 268 924 ιιαινῶν
282 854 555 927 valecenensis,
578 869 646 925 nou
666 848 782 928 video,
806 851 885 934 quid
905 850 1030 915 obstare
1048 857 1165 938 possit,

61 968 127 1029 quo
145 946 250 1005 miuus
267 935 458 1003 auctoritati
471 938 539 995 e’us
558 934 811 1016 obtemperemus
828 951 879 997 tot
893 939 1048 1019 exemplis
1063 940 1168 1008 firma·

58 1047 121 1092 tae.
144 1031 244 1092 Porro
260 1029 366 1086 solent
381 957 505 1103 integri
521 1019 690 1080 locutione
703 1025 819 1084 ιιαινῶν
834 1017 930 1105 ἀγωνι
947 1027 1064 1106 ομένων
1078 1052 1168 1110 τραγ-
1226 1074 1230 1078 -

62 1120 151 1180 ωδῶν
164 1111 315 1175 Plutarch.
334 1109 443 1186 Symp.
464 1125 497 1184 p.
513 1111 587 1171 710.
604 1104 641 1163 F.
670 1105 814 1169 Aeschin.
831 1105 864 1164 in
881 1107 1025 1190 Ctesiph.
1047 1133 1078 1192 p.
1090 1120 1166 1180 433.

59 1182 99 1265 ii·
115 1197 186 1265 οὐδὲ
202 1187 456 1275 ἐκκλησιαζόντων
470 1185 654 1271 Ἀθηναίων,
664 1184 749 1258 ¹ciii-ci
761 1195 924 1276 τραγῳδῶν
938 1187 1169 1278 ἀγωνιζομένων
1232 1246 1235 1251 ·

57 1291 183 1356 καινῶν,
197 1274 266 1344 οὔδ’
276 1280 414 1343 ἐναντίον
427 1280 484 1338 τοῦ
491 1272 601 1358 δήμου,
613 1269 674 1338 ἀλλ’
683 1277 822 1341 ἐναντίον
841 1273 1067 1359 τῶνἙλλήνων.
1084 1281 1170 1359 Idem

60 1394 94 1454 p,
108 1376 181 1436 434.
196 1367 234 1429 Β.
247 1362 369 1427 rariore
387 1360 492 1420 forma
506 1359 648 1441 scripsit,
660 1381 755 1442 quam
769 1360 850 1420 alibi
866 1374 991 1424 exstare
1007 1386 1074 1425 nou
1091 1378 1171 1429 sane
1207 1373 1211 1382 '

62 1451 217 1517 memini:
232 1439 399 1534 γινομένων
413 1442 471 1528 γάρ
489 1451 550 1510 τῶν
562 1445 596 1510 ἐν
612 1440 694 1509 ἄστει
709 1451 872 1546 τραγῳδῶν
880 1439 1082 1528 ἀνεκήρυττον
1093 1452 1173 1528 τινὲς

59 1555 121 1600 etc.
130 1531 218 1619 quod
227 1534 255 1594 si
267 1540 390 1608 sanum,
399 1531 455 1613 qui
464 1543 573 1611 potest
581 1529 675 1592 aliter
683 1531 848 1611 explrcari,
860 1534 1065 1620 quam,factis
1079 1541 1167 1614 enim,

61 1626 115 1708 (γυὶ
129 1618 271 1683 celebrari
284 1615 422 1702 solentis
444 1630 509 1698 asty
515 1660 525 1691 ,
548 1613 629 1677 ludis
643 1613 791 1696 tragicis?
809 1611 867 1682 Ἐν
881 1615 963 1682 ἄστει
980 1640 1068 1696 vero,
1092 1622 1172 1703 quia
1258 1640 1264 1648 ·

62 1703 272 1768 Liberalibus
287 1699 437 1775 urbanis,
460 1703 638 1774 Διονυσίοις
653 1694 803 1778 ἀστικοῖς,
825 1711 892 1778 τοῖς
902 1699 970 1768 κατ’
985 1703 1076 1781 ἄστυ,
1101 1707 1172 1771 sive

62 1783 208 1877 μεγᾶίοις
223 1789 285 1849 ista
301 1784 372 1847 fieri
390 1782 515 1845 solebat
528 1785 709 1846 fabularum
727 1787 928 1853 commissio:
945 1789 992 1848 sic
1008 1803 1041 1849 et
1055 1812 1084 1870 p.
1095 1794 1170 1860 435.

62 1879 103 1936 Α.
127 1873 179 1940 τάν
197 1879 332 1957 χρυσοῦν
354 1874 520 1950 στέφανον,
543 1866 578 1946 ἄς
592 1867 631 1933 ἄν
643 1876 687 1958 τῷ
706 1867 826 1954 θεᾶτρω
843 1875 875 1938 ἒν
897 1870 981 1937 ἄστει
994 1867 1172 1957 ἀναρρηθῇ.

66 1959 210 2023 Tandem
234 1957 268 2017 in
294 1958 353 2017 illo
371 1955 488 2037 populi
510 1955 654 2030 decreto,
679 1959 769 2036 cujus
788 1937 924 2040 Scaliger
943 1958 1107 2035 meminit,
1132 1941 1174 2020 dd

64 2048 252 2127 Hyrcanum
273 2042 372 2102 misso
390 2037 477 2121 apud
493 2040 610 2122 loseph.
634 2037 678 2099 A.
699 2041 729 2101 J.
751 2040 841 2116 XIV,
866 2050 894 2110 8.
910 2063 981 2125 pag.
996 2049 1069 2109 699,
1091 2041 1174 2108 ἐγεγ-

65 2138 134 2194 τιεῖν
149 2129 180 2193 δὲ
198 2125 252 2192 τάν
273 2126 424 2206 στέφανον
445 2126 478 2188 ἐν
499 2132 542 2210 τῷ
565 2119 686 2205 θεάτρῳ
708 2130 903 2206 Διονυσίοις,
926 2132 1088 2215 τραγῳδῶν
1111 2135 1175 2194 τῶν

67 2220 183 2279 καινῶν
206 2210 380 2296 ἀγομένων,
402 2210 454 2273 καί
479 2211 731 2289 Παναθηναίοις,
755 2210 811 2274 ιιαί
831 2208 1038 2288 Ἐλευσινίοις
1058 2214 1090 2278 ἐν
1112 2222 1177 2291 τοῖς
1219 2224 1229 2283 “,
1299 2202 1305 2214 .

67 2307 227 2384 γυμνικοῖς
238 2291 352 2380 ἀγῶσι·
378 2292 505 2354 eumin
522 2292 651 2355 modum
668 2308 828 2374 postrema
851 2298 1029 2360 constituo.
1054 2299 1176 2362 Verum
1273 2332 1275 2337 v

67 2407 109 2446 ex
131 2384 195 2444 hoc
216 2384 291 2443 loco
311 2377 407 2440 facile
428 2378 532 2438 cuivis
548 2378 583 2436 in
606 2392 743 2439 mentem
762 2380 895 2460 veniat,
918 2400 980 2464 pro
999 2389 1176 2471 τραγῳδιῶν
1275 2385 1280 2407 ’

66 2470 103 2529 in
117 2467 293 2548 Anonymo
303 2462 532 2546 Hypothesecs
540 2477 658 2541 auctor
691 2463 908 2526 revocandum
919 2487 987 2529 csse
1001 2470 1174 2553 τραγῳδῶν·

66 2576 106 2615 eo
125 2552 250 2636 magis,
283 2548 370 2633 quod
395 2549 538 2626 insoleus
565 2546 642 2631 quid
667 2567 717 2607 am
747 2537 780 2610 et'
807 2548 866 2613 ,vix
887 2551 1041 2617 usitatum
1069 2568 1176 2632 sonet,
1242 2567 1258 2600 ·'

66 2642 242 2722 encyclicis
257 2629 424 2721 ἀγομένων.
466 2631 538 2695 Ιωο
552 2653 620 2694 uon
632 2629 777 2707 ‚diffiteor
784 2678 801 2708 ,
818 2638 922 2697 multi>
943 2635 1026 2698 mihi
1042 2636 1178 2719 phrasin

67 2722 303 2803 expeditiorem
319 2719 435 2797 videri,
459 2717 488 2777 si
508 2716 670 2800 corrigere
690 2717 887 2780 concedatur
899 2718 1075 2804 utrobique
1087 2749 1180 2811 τραγ·

69 2812 159 2895 ῳδῶν
180 2800 408 2889 ἀγωνιζομένων
422 2808 556 2882 καινῶν,
584 2816 633 2878 et,
656 2807 821 2888 τραγῳδῶν
842 2809 904 2871 τῶν
925 2813 1042 2870 καινῶν
1066 2803 1180 2893 ἀγωνι·

70 2894 219 2971 ζομὲγωα·
237 2904 310 2947 nam
324 2888 403 2949 licet
416 2881 589 2971 τραγῳδοάς
603 2886 640 2945 iu·
654 2886 715 2945 hac
733 2888 871 2949 formula
887 2891 996 2971 capias
1012 2910 1078 2974 pro,
1090 2893 1180 2954 ludis

71 2977 152 3059 ipsis
170 2973 317 3049 scenicis,
337 2970 452 3053 quibus
466 2986 599 3031 actores
613 2991 715 3044 novas
732 2971 913 3055 tragoedias
928 2973 1181 3060 agebant,quod

68 3056 247 3123 secundum
263 3055 412 3139 Scaligeri
427 3069 564 3117 mentem
578 3057 704 3147 ppolata
721 3075 739 3113 a
754 3055 849 3116 nobis
866 3062 1010 3142 exempla
1029 3062 1107 3121 satis
1125 3060 1182 3135 a'd-
1222 3108 1225 3116 .
1276 3056 1280 3062 ¹

71 3157 222 3219 struunt,
246 3156 351 3202 tamen
371 3141 429 3201 vix
450 3136 656 3225 crediderim,
687 3139 952 3224 quemadmodum
982 3135 1185 3229 usurpantub

69 3224 224 3315 ἀγομένης
241 3233 296 3304 τῆς
317 3227 438 3307 ἑορτῆς,
461 3220 617 3307 ἀγομένων
632 3230 698 3289 τῶν
720 3222 912 3312 Διονυσίων,
941 3233 1183 3312 Παναθηναίων,

66 3312 252 3396 Ὀλυμπίων,
269 3311 316 3370 sic
329 3309 464 3392 perinde
478 3309 545 3369 dici
559 3330 651 3390 posse
666 3314 830 3393 τραγῳδῶν
842 3308 1016 3399 ἀγομένων·
1030 3328 1079 3376 est
1094 3315 1184 3378 enim
1263 3333 1266 3340 ·

73 3401 108 3459 in
136 3398 188 3458 his
217 3396 310 3457 rebus
333 3408 494 3477 {perceptu
532 3392 659 3479 quidem
687 3376 850 3475 difficilis,
887 3403 1027 3459 attamen
1065 3399 1109 3461 ali
1131 3400 1185 3460 uis

73 3480 204 3558 modus,
229 3494 262 3541 et
282 3480 360 3540 certi
376 3477 474 3557 fines,
498 3482 582 3540 ultra
601 3499 690 3562 quos*
704 3502 798 3559 usus,
822 3496 1072 3566 quantacunque
1087 3423 1190 3546 liber*

74 3582 143 3628 tate
164 3564 320 3650 gaudeat,
343 3585 409 3625 non
434 3562 601 3646 procedit:
632 3586 738 3648 neque
760 3587 778 3625 a
800 3586 872 3628 meo
897 3564 1023 3649 judicio
1045 3574 1186 3629 multum

76 3650 288 3730 discrepabit,
313 3649 342 3708 si
363 3647 438 3731 quis
462 3647 496 3707 iu
511 3648 584 3731 ipso
598 3650 747 3713 Aeschine
760 3657 805 3740 τῶ
817 3653 1187 3737 praecisus-anteponat
1239 3705 1243 3717 .

75 3728 315 3818 ἇνωνιζῦμὲνων·
342 3733 491 3795 Ceterum
502 3754 559 3794 ⁰¹¹1
573 3741 739 3822 τραγῳδοῖς
752 3746 871 3812 καινοῖς
884 3734 950 3798 dici
966 3734 1186 3814 consueverit,

75 3821 163 3882 ratio
178 3834 240 3896 est,
258 3817 345 3902 quod
355 3816 561 3880 Liberalibus
574 3820 705 3882 urbanis
720 3842 785 3882 non
801 3837 925 3882 tantum
943 3826 1061 3906 politae
1076 3821 1187 3883 recen·
1211 3854 1215 3862 =

76 3920 127 3966 tes
144 3903 268 3963 fabulas
289 3905 323 3963 iu
341 3925 466 3965 scenam
476 3901 614 3983 darent,
637 3919 675 3966 ut
689 3904 818 3968 disertis
835 3905 940 3968 verbis
965 3905 1063 3968 docet
1080 3900 1186 3966 Scbcl.
1227 3936 1230 3942 ·

75 3987 234 4070 Λιίοιομίι.
258 3987 299 4048 ad
311 3989 401 4050 Nub.
424 4011 454 4051 v.
471 3997 545 4062 811·
568 3991 754 4073 praesertim
770 3992 901 4077 Tragici
927 3989 1111 4072 tetralogias
1135 4007 1189 4047 su·

77 4095 130 4144 ss,
155 4094 249 4163 quam
264 4073 298 4131 in
311 4095 376 4135 rem
394 4077 543 4159 egregius
556 4089 623 4152 est,
648 4090 681 4136 at
703 4097 815 4160 parum
828 4075 1002 4154 hacteuus,
1025 4074 1061 4133 ui
1079 4072 1186 4146 fallor,

75 4158 261 4267 intellectas
268 4157 412 4245 Diogenis
418 4159 464 4243 pL.
480 4161 573 4239 lasus
588 4158 651 4242 111,
665 4164 720 4236 66.
729 4161 793 4231 'ssd
812 4163 912 4231 stiam
927 4175 1051 4224 actores
1065 4154 1189 4222 scenici

854 4245 980 4362 ,θεῶ
