2640 4680
173 312 277 386 316.
439 321 1001 377 annotaverant

169 434 270 539 ¹etiarn
287 472 434 537 Arcturus
452 469 480 531 Ι.
494 491 527 551 p·
546 477 597 539 33.
621 469 766 554 Quodsi
789 477 948 555 legeretur
968 473 1003 533 in
1025 472 1183 552 Lariano,
1208 471 1281 541 ἄλλ’

174 557 283 627 ὁπόσοι
298 551 398 622 αὐτῶν
412 564 448 642 τῇ
461 552 533 640 Ῥέᾳ
543 557 717 636 μαίνονται,
740 554 776 615 id
796 558 939 617 omnium
964 559 1096 621 minime
1119 575 1281 622 mutatum

173 650 304 707 vellem:
332 640 460 703 videtur
476 640 560 697 enim
581 654 645 699 tam
668 640 827 705 concinne
841 640 881 701 ad
901 656 1000 703 totam
1023 645 1202 723 orationem
1222 667 1282 707 re-

173 727 341 811 spondere,
349 740 387 784 ut
403 724 496 785 aliter
509 723 608 785 fnisse
619 725 773 805 seriptum
783 725 840 785 vix
854 725 936 789 mihi
953 727 1167 808 persuadeam.
1182 729 1279 791 lnam

173 820 205 876 in
218 811 388 875 Addcndr's.
419 808 555 868 Substiti
570 809 604 867 in
623 812 772 892 vulgata,
788 808 827 871 ad
845 830 937 892 qnam
952 827 986 874 et
1000 811 1068 894 ipse
1084 808 1281 885 Hemsterlru·

170 904 248 973 sius,
274 917 355 978 quae
369 892 501 953 maximi
515 893 578 953 viri
595 892 701 974 sobria
722 910 789 955 erat
809 893 968 977 sapientia
988 911 1020 957 et
1035 897 1185 961 amabilis
1204 919 1280 958 mo·

172 982 289 1055 destia,
311 995 423 1060 postea
439 978 483 1036 ita
498 977 612 1056 rediit,
635 991 792 1040 attamen
808 978 846 1039 ab
863 979 951 1040 omui
964 979 1181 1044 haesitatione
1196 1004 1280 1043 nou·

172 1068 246 1133 dum
265 1065 387 1143 animus
403 1062 563 1143 ejuslibet
578 1075 667 1126 esset.
712 1063 870 1147 Analogia
883 1063 1063 1149 linguarum
1077 1086 1145 1126 non
1161 1087 1280 1149 repug-

66 1182 69 1197 ι
170 1166 227 1212 nat
244 1147 382 1209 dictioni
395 1144 605 1228 λαμβάνεσθαί
615 1172 674 1212 τινι
685 1156 758 1234 θεῷ.
804 1147 943 1208 Latinos
967 1164 1051 1210 certe
1067 1164 1196 1211 constat
1211 1172 1280 1212 cre.

169 1236 227 1296 bro
254 1255 289 1292 ac
311 1231 392 1293 bene
409 1230 459 1290 uti
482 1233 619 1294 formula
640 1253 697 1292 sua
720 1236 789 1314 capi
806 1258 851 1308 re,
883 1245 915 1292 et
937 1238 1005 1316 copi
1025 1258 1170 1318 persono.-
1202 1257 1278 1295 narn

169 1340 229 1405 pro
246 1317 415 1393 Ablativo,
439 1337 543 1398 neque
565 1337 640 1376 vero
661 1338 719 1397 pro
738 1316 881 1391 Datim,
906 1315 1012 1379 haberi
1036 1320 1133 1379 velim
1149 1325 1185 1404 τῇ
1201 1308 1276 1404 Ῥέα.

169 1403 272 1488 Atqui
288 1403 446 1461 mirumne
460 1401 523 1477 sit,
540 1401 568 1460 si
583 1400 737 1471 Lucienus
751 1416 876 1477 noster,
891 1402 1044 1465 Romanis
1059 1423 1190 1485 quoque
1205 1404 1278 1465 lite·

169 1490 214 1551 ris
234 1509 299 1549 non
322 1507 431 1568 parum
462 1484 620 1560 imbutus,
652 1508 717 1547 non
748 1487 908 1566 respuerit
932 1486 1061 1548 dicendi
1082 1488 1273 1565 formulam,

168 1572 353 1637 Latiniano
374 1570 634 1648 convenientem,
664 1570 887 1631 aGraecismo
919 1593 1082 1632 veronen
1108 1570 1272 1651 alienam?

167 1659 225 1720 De
238 1654 429 1718 Latinismis
444 1669 548 1714 autem
563 1654 694 1717 Luciarri
715 1657 779 1716 alio
798 1654 941 1736 tempore
961 1655 1090 1716 uberius
1112 1677 1274 1754 exponere

168 1747 285 1826 placet.
308 1740 378 1804 Jarn
396 1760 470 1811 vero
484 1739 715 1801 neoaGraecae
731 1741 861 1822 linguae
874 1738 999 1823 legibus
1011 1755 1042 1800 et
1056 1761 1117 1803 usu
1127 1746 1271 1807 alienum

168 1833 235 1887 esse
248 1822 457 1908 λαμβάνεσθαι
477 1831 560 1908 θεῷ,
582 1830 633 1885 vol
657 1846 697 1884 es
714 1824 755 1883 iis
772 1829 953 1885 luculenter
974 1839 1080 1906 patet,
1107 1846 1191 1907 quae
1216 1846 1271 1887 no-

166 1911 297 1977 vissime
309 1908 545 1971 Hcmsterdrusius
557 1906 735 1969 adnotavit.
776 1908 858 1969 Nem
872 1932 967 1993 quum
983 1907 1082 1990 probe
1100 1909 1228 1971 dicatur
1241 1924 1273 1971 et

168 1994 356 2059 dietumsit
371 1988 470 2080 νάσῷ,
493 2001 614 2080 πυρετῷ
635 1985 862 2077 λαμβάνεσθαι·
894 2015 992 2076 quum
1016 1993 1111 2059 etiarn
1130 1993 1272 2061 Chariton

91 2112 93 2122 ·
167 2080 252 2154 VII,
272 2089 302 2155 3.
326 2080 453 2163 ἐναντίῳ
469 2071 568 2160 άνὲμῳ
584 2078 794 2164 λαμβάνεσθαι
812 2100 878 2139 nou
894 2099 970 2139 sane
982 2077 1182 2164 'ineleganter
1195 2080 1271 2145 acri-

166 2165 287 2250 pserit;
311 2164 327 2244 (
335 2164 399 2229 vid.
416 2164 461 2223 ibi
476 2163 603 2229 Dentill.
615 2171 629 2243 )
643 2187 740 2247 quum
757 2161 894 2247 denique
910 2162 1007 2225 etiarn
1023 2183 1089 2224 vox
1102 2161 1271 2249 θεόληπτοι

166 2249 244 2313 satis
260 2249 361 2328 fuerit
376 2249 494 2310 usitata
508 2262 540 2310 et
554 2255 606 2310 vel
619 2255 718 2333 vulgo
738 2262 831 2310 notat
855 2270 931 2319 nunt
946 2250 1014 2330 jure
1036 2244 1268 2327 dubitabimus

166 2335 247 2418 quin
260 2333 413 2399 Lucienus
427 2333 598 2415 etiamlltas
617 2333 783 2407 locutione
797 2332 847 2390 uti
863 2330 1028 2413 potuerit?
1048 2334 1145 2394 etiarn
1160 2334 1194 2392 in
1209 2332 1269 2394 hoo

167 2432 325 2480 contextu
337 2417 387 2479 uti
401 2419 561 2498 potuerit,
584 2418 640 2500 ubi
661 2416 818 2478 sententia
835 2416 923 2502 ipsa,
946 2436 1039 2497 quarn
1057 2415 1268 2479 bas-formula

147 2540 149 2544 >
166 2525 207 2569 ex
231 2502 344 2579 timere
359 2507 449 2579 vult,
471 2515 595 2561 tantum
611 2501 715 2576 abest,
739 2513 776 2581 ut
790 2500 835 2557 ita
852 2499 1038 2571 obscuretur
1055 2508 1106 2563 vel
1120 2503 1268 2585 ambigua

164 2526 334 2662 reddatur,
358 2599 395 2647 ut
413 2586 522 2666 potius
539 2586 710 2666 plurimum
728 2581 804 2643 inde
819 2582 900 2645 lucis
918 2586 952 2643 et'
964 2580 1145 2665 elegantiae
1156 2586 1269 2651 traxis-

165 2694 200 2736 se
214 2669 384 2739 videatur?
408 2669 544 2735 Substiti
558 2691 633 2753 ergo
648 2669 681 2748 in
698 2671 844 2751 vulgata,
867 2664 964 2746 idque
989 2688 1027 2727 eo
1048 2664 1277 2748 constantinus.

165 2778 281 2840 (μιιιοιἸ
295 2774 375 2836 quae
390 2753 522 2816 meliora
541 2754 664 2816 scilicet
677 2753 749 2814 Viri
767 2750 855 2812 docti
875 2750 1066 2815 substituere
1082 2759 1266 2835 voluerunt,

164 2863 207 2904 ne
222 2839 354 2903 meliora
369 2837 497 2921 quidem
515 2842 598 2916 esse,
623 2838 689 2899 imo
711 2836 807 2899 etiam
826 2836 943 2920 partim
963 2832 1187 2919 peculiaribus,
1215 2840 1269 2901 ui-

159 2924 298 2989 ‘busdam
320 2923 412 2986 vitiis
432 2922 577 2987 laborare
599 2923 739 2985 videam,
778 2920 831 2983 Ne
855 2920 1117 2987 Hernsterlrrrsiuna
1139 2864 1268 3008 quidem

166 3010 301 3081 omnino
325 3008 483 3090 excipiam
511 3004 572 3074 άτιό
595 3016 649 3090 τῆς
668 3002 758 3085 Ῥέας
775 3011 863 3091 λαμβ,
890 3021 923 3073 et
951 3002 1069 3095 τῇῬέα
1096 3013 1267 3092 μαίνονται.

162 3092 373 3162 Abresclrr'ana
401 3113 477 3154 vero
502 3093 536 3153 in
563 3093 694 3156 Dilucc.
718 3091 822 3155 Thus.
846 3114 879 3175 p.
900 3095 973 3161 452.
994 3073 1196 3177 λελάβηνται,
1216 3098 1269 3159 rel

161 3184 337 3262 λωβῶνται,
363 3182 412 3241 vel
425 3180 582 3259 τέμνονται
591 3177 648 3264 (ex
666 3177 704 3239 de
721 3179 793 3239 Dea
808 3176 880 3257 Syr.
896 3198 923 3244 o.
942 3182 1011 3251 15.;
1035 3177 1152 3242 addere
1170 3180 1268 3241 etiam

162 3263 326 3346 potuisset
340 3263 441 3325 Diall.
459 3264 559 3326 Deos.
578 3263 653 3341 Xll,
671 3268 716 3337 1.)
732 3283 780 3336 ea,
799 3259 937 3329 breviter
950 3260 1065 3334 diram,
1079 3263 1270 3327 Abreschia·

162 3368 206 3406 na
223 3361 317 3423 sunt,
341 3368 407 3407 non
432 3347 613 3424 Luciauea,
636 3345 710 3411 h.e.
726 3366 793 3406 nott
815 3345 885 3407 siue
909 3345 1041 3429 ingenio
1060 3350 1268 3433 excogitata,

163 3445 196 3491 at
211 3429 279 3491 sinc
294 3430 419 3511 judicio
434 3430 682 3494 accommodata.
727 3432 771 3490 Et
787 3427 872 3509 quod
888 3430 1023 3512 Longius
1039 3429 1183 3515 denique
1197 3439 1269 3497 vult

160 3517 197 3583 ἐκ
210 3523 262 3595 τῆς
273 3511 363 3593 Ῥέας
377 3513 585 3602 λαμβάνονται
604 3514 644 3577 ad
658 3514 784 3578 Aeliani
801 3514 838 3572 V.
855 3514 897 3579 Η.
915 3515 1021 3595 111,9.
1041 3520 1270 3603 κατειλημμένοι

162 3613 195 3661 et
210 3602 452 3685 περιειλημμένοι
465 3602 499 3668 ἔτι
515 3604 570 3667 τοῦ
585 3607 662 3666 θεοῦ
680 3618 879 3683 provocans,
903 3620 960 3679 eo,
992 3604 1214 3687 qualecunque
1233 3603 1269 3665 iu

162 3704 196 3747 se
210 3682 271 3761 sit,
294 3688 358 3767 jam
372 3686 472 3749 careri
485 3704 581 3769 posse
596 3706 721 3749 censeo.
743 3685 875 3761 Restat,
900 3697 936 3742 ut
952 3705 1087 3749 errorem
1105 3686 1267 3777 castigem,

143 3767 196 3829 'in
214 3788 326 3853 quem,
351 3767 416 3833 nisi
439 3771 570 3854 egregie
587 3769 702 3847 fallor,
732 3767 968 3831 Hemsterlrusr'us
990 3766 1111 3833 inscius
1136 3772 1192 3832 illa
1216 3790 1269 3835 sus

162 3865 228 3928 est,
263 3872 421 3934 quemque
446 3868 479 3916 et
506 3876 528 3918 a
548 3852 718 3937 Bipontinis
738 3850 936 3930 editoribus,
965 3865 1035 3915 eta
1059 3794 1267 3935 Sctmr‘edm,

161 3948 374 4024 propagatum
388 3934 494 4001 video.
540 3938 669 4000 Scilicet
688 3958 752 3998 non
769 3934 877 4019 potnit
890 3939 973 3997 velle
995 3935 1043 3996 vir
1055 3961 1209 4024 magnus,
1233 3955 1275 4003 ut-

163 4010 276 4092 οὗτοι
304 4021 343 4091 di
373 4035 547 4084 mutaretur
571 4022 607 4082 iu
633 4009 719 4087 οὗτοι
739 4018 796 4101 dri,
828 4039 1018 4102 quamquam
1041 4044 1113 4089 vere
1130 4023 1268 4109 sic-ipso

162 4106 302 4196 scripsit.
343 4104 427 4175 Nam
443 4106 490 4171 sis
503 4106 677 4173 manifesto
700 4118 809 4172 textus
831 4121 1095 4193 corrumperetur.
1136 4104 1267 4177 Sodou-
