2640 4680
157 356 231 423 432
424 350 990 405 aosorerronn‘s

158 534 261 578 suram
284 504 475 569 traduxerit.
519 504 604 564 Mox
618 507 853 586 φιλοσοφοῦντα
873 517 987 564 contra
1010 501 1061 567 ed.
1079 502 1110 575 J,
1126 506 1268 569 auetori-

158 601 268 662 taten(
277 592 412 656 servavi.
456 589 564 651 Noster
580 588 613 647 in
627 590 753 672 Peregr.
767 589 859 668 §bdo-
883 595 999 678 Χρυσῷ
1021 587 1196 681 σαξάρεφος
1213 588 1267 673 πή.

158 711 217 769 W
244 715 298 740 -.
330 679 467 740 Hausr.
489 675 536 734 II.
582 674 725 757 Diogenis
755 689 839 750 erat,
867 675 961 758 μηδὲν
991 671 1063 760 tinio
1084 674 1145 759 τήν
1166 673 1266 763 πήραν

115 808 118 817 .
157 774 293 857 φρονεῖν.
338 759 519 826 ΗΕΜενᾸ.

243 849 319 912 Εοδ.
341 852 364 910 1.
387 853 416 913 9.
443 842 631 927 Φιλόσοφον)
652 845 706 905 En
717 843 796 908 edit.
805 845 836 908 J.
846 843 1005 928 Reliquae
1023 853 1266 930 φιλοσοφοῦντα

158 941 284 1003 Sonss.
619 933 623 943 ’
1138 970 1142 979 ·

242 1019 320 1083 Ead.
343 1021 365 1080 l.
391 1024 441 1084 18.
460 1009 687 1099 Ἐπιμετρήσας
703 1020 742 1098 τῇ
754 1010 887 1098 δικέλλῃ)
909 1015 1012 1078 Recte
1026 1016 1159 1103 quidem
1170 1019 1263 1081 inter·
1307 1010 1311 1069 j

158 1123 283 1193 pretes:
306 1100 360 1164 sed
377 1100 484 1161 malim
500 1102 579 1182 ἔπιμ.
595 1098 651 1181 τήν
666 1101 821 1181 δικέλλήν,
846 1116 1029 1182 caputiatum
1041 1107 1154 1187 pugnis
1167 1104 1262 1188 irnple-

161 1196 214 1269 do‚
239 1207 326 1274 atque
337 1191 454 1269 insuper
467 1184 598 1266 ligonem
613 1184 769 1246 admetiar.
805 1184 893 1246 Olim
910 1185 943 1243 in
960 1202 1100 1249 mentem
1115 1205 1262 1255 venerat:

159 1277 215 1360 τήν
229 1301 300 1354 κεφ.
313 1276 379 1353 ἒμπ.
403 1277 567 1335 κονθνλοῖν
590 1275 642 1331 vel
665 1273 838 1349 aovdvloiv,
861 1269 1062 1352 ἐπιμετρήσας
1082 1300 1118 1363 τφ
1141 1276 1261 1383 διιέλλρ,

161 1377 345 1444 capritanum
360 1355 485 1439 implebo
494 1356 655 1418 iunioribus
667 1354 765 1439 ligone
777 1354 950 1417 admensus:
966 1371 1042 1417 sunt
1055 1374 1144 1422 certe
1160 1364 1262 1425 κονδυ-
1294 1390 1299 1419 .·

161 1458 211 1514 λοι
230 1450 283 1505 vel
302 1443 467 1520 κονθνλαλ,
497 1437 670 1522 ἄνοιδήσεις
689 1443 724 1498 in
744 1441 914 1525 Hesychia,
935 1440 1104 1520 tuberculo,
1129 1461 1261 1525 tumores,

162 1532 258 1595 etiam
272 1533 371 1604 tales,
387 1527 444 1610 qui
458 1549 498 1587 ex
515 1525 634 1585 ictibus
650 1525 797 1606 impactis
815 1524 982 1588 oriuntur:
998 1527 1215 1593 Sedol.Arieto
1232 1532 1258 1595 Ιι.
1292 1528 1296 1591 s

162 1616 203 1678 ad
221 1612 359 1674 Acharn.
383 1634 413 1671 v.
431 1619 523 1680 1180.
546 1607 607 1674 timi
620 1619 674 1691 τῆς
694 1615 811 1692 πληγῆς
831 1606 981 1691 κονδύλήν
1005 1614 1151 1695 irremote
1177 1612 1260 1695 αντδς

162 1696 347 1783 ὅΛάμαχος.
390 1697 508 1756 Verum
531 1696 726 1756 insolentius
742 1694 871 1755 videtur
887 1695 1096 1774 vocabulum,
1121 1700 1260 1781 quamnt
1290 1710 1293 1715 '

70 1777 73 1781 ’
162 1788 332 1866 drucionem
355 1779 476 1841 deceat.
515 1779 715 1849 Herrsrdl.
759 1781 897 1861 Elegans
929 1794 977 1839 est
999 1782 1096 1843 Tollit
1119 1798 1199 1846 nota
1224 1784 1258 1847 at
1290 1798 1293 1803 '

163 1872 294 1952 Langia.
310 1889 344 1948 p.
356 1873 431 1934 232·
453 1864 603 1941 κόνδυλον
618 1867 762 1948 ἕντρλβειν
776 1860 855 1947 μάλα
869 1861 1004 1946 στερεόν·
1026 1866 1207 1949 Aeliaml.
1218 1870 1256 1931 Η.

163 1954 260 2031 XIII,
276 1959 329 2021 38.
352 1949 545 2012 hocaummi
567 1948 734 2011 dedecoris
756 1954 831 2011 loco
846 1948 1070 2032 deputabatur.
1114 1954 1257 2019 Demetri.
1287 1958 1290 1965 '

165 2039 237 2107 adv.
253 2035 392 2098 Midiam
414 2050 446 2097 et
459 2035 563 2097 Leirt.
589 2034 624 2094 in
640 2035 743 2118 Diog.
765 2035 879 2100 Hense.
896 2035 925 2098 I.
948 2070 989 2081 -
1012 2036 1110 2119 Apud
1124 2040 1259 2102 Nostram
1287 2110 1291 2121 ι

164 2127 198 2185 in
217 2121 380 2184 Prometh.
401 2143 427 2184 s.
442 2121 541 2182 Cano.
562 2142 588 2184 c.
603 2128 653 2189 10.
676 2120 789 2183 itidem
813 2119 980 2196 κονδύλους
999 2124 1157 2206 ἐκτρίβειν.
1200 2122 1257 2185 Ad.
1286 2124 1291 2173 .“

65 2206 73 2219 ’
163 2208 292 2271 modum
317 2206 435 2269 festive
450 2204 485 2268 et
504 2210 665 2289 eleganter
679 2207 865 2267 Mercurius
890 2207 925 2266 in
941 2205 1086 2276 Charon.
1102 2230 1131 2269 ο.
1150 2204 1259 2294 21de
1286 2256 1290 2275 ,.

57 2291 60 2296 ’
164 2302 241 2379 μοιλν
256 2292 316 2374 ήδη
330 2289 384 2356 τδν
402 2287 516 2374 μισθὸν
529 2298 583 2372 τῆς
597 2288 803 2374 περιηγήσεως
815 2285 1058 2358 οὕκ..ἆκὸνδυλον
1072 2289 1258 2360 παντάπασιν

162 2375 238 2460 ήμῖν
256 2377 411 2459 ἐσόμενον.
454 2375 624 2437 Noluerim
642 2377 753 2455 itaque
767 2376 857 2459 tangi
873 2377 1013 2457 optimae
1029 2392 1127 2439 notae
1142 2400 1255 2443 vocem·

159 2460 370 2545 Ἐπιμετρεῖν,
394 2459 532 2520 admetiri
538 2470 547 2533 ,’
570 2459 714 2519 metiendo
732 2459 855 2538 addere,
879 2462 991 2524 Nostro
1013 2461 1255 2526 usitatissimum
1286 2494 1289 2517 =

164 2566 234 2610 cum
257 2567 369 2628 magna
394 2543 584 2608 variatione.
628 2544 728 2607 Diall.
747 2545 926 2622 Mortt.V,
952 2553 981 2612 1.
1005 2545 1255 2630 Philope.c.24.
1284 2548 1290 2651 ἰ

41 2676 44 2682 ,
160 2631 283 2715 Navig.
300 2652 327 2690 ο.
347 2635 397 2696 18,
412 2641 444 2687 et
461 2635 509 2694 19.
553 2629 727 2688 Mensurae
743 2649 860 2690 nomen
881 2632 1109 2711 perDativum
1131 2639 1187 2696 vel
1206 2654 1257 2717 po·

161 2718 227 2779 tius
245 2713 430 2778 Ablativum
449 2710 596 2790 additur,
620 2726 658 2771 ut
678 2712 782 2782 Diau,
797 2715 913 2777 Mortt.
926 2715 1003 2791 XII,
1029 2724 1060 2785 2.
1084 2720 1258 2795 δακτυλίους

161 2804 318 2886 μεδίμνοις
340 2790 529 2880 (inoperatio.
573 2798 689 2878 Neque
711 2811 816 2859 tamen
830 2815 964 2882 propter
984 2800 1072 2861 hune
1089 2807 1199 2873 losum
1211 2818 1256 2869 et-

161 2889 224 2947 ism
238 2885 293 2948 hie
312 2881 513 2944 scribendum
527 2875 740 2966 οἷπομετρήσας
753 2890 791 2973 τή
798 2886 924 2972 δικέλλῃ,
948 2868 1053 2970 ireque
1066 2884 1102 2948 id
1112 2886 1202 2971 quod
1213 2902 1254 2951 et·
1277 2930 1281 2941 ·

160 2972 223 3032 iem
240 2973 344 3030 minus
363 2966 512 3051 equidem
528 2967 748 3049 probaverim,
773 2991 843 3030 eum
861 2973 978 3032 Hemst.
992 2970 1183 3035 mutandum
1197 2964 1256 3041 itit·

160 3051 310 3140 μετρήσας
323 3052 381 3136 τήν
399 3056 533 3118 δίκελλαν
553 3055 648 3132 (nam
662 3053 710 3113 sie
729 3053 826 3115 scribi
842 3053 993 3132 debebat,
1018 3076 1087 3117 non
1100 3060 1256 3141 δικέλλῃ).

160 3140 234 3223 Qua
249 3139 385 3200 admissa
400 3138 579 3198 mutatione
589 3158 702 3220 magna
716 3141 895 3200 venustatis
908 3160 980 3220 pars
995 3141 1140 3220 perierit.
1162 3140 1258 3207 Reate

159 3225 245 3286 enim
259 3226 447 3304 interpretes
462 3227 628 3283 auctarium
643 3238 824 3303 verterunt,
848 3222 935 3306 quod
953 3224 1029 3284 satis
1044 3228 1156 3306 jocose
1172 3227 1262 3311 prius¹

158 3309 277 3373 Timon
318 3306 459 3369 exsolvit
497 3309 627 3391 ligone,
665 3329 758 3392 quam
789 3307 909 3368 donum
940 3309 1063 3391 ipsum,
1102 3311 1194 3393 quod
1225 3312 1269 3373 λα’

158 3414 267 3474 peram
284 3409 352 3454 erat
366 3388 534 3452 medimnis
554 3392 760 3454 metiendum.
804 3391 937 3456 Scilicet
952 3389 1012 3459 arod
1024 3399 1079 3475 τῆς
1094 3394 1199 3480 πήρας
1210 3378 1258 3457 iia.
1290 3418 1299 3487 ρ

158 3478 244 3561 signi
259 3477 415 3538 brevitate
429 3474 549 3536 dictum
561 3481 662 3558 prius,
681 3502 770 3561 quam
782 3501 899 3559 peram,
917 3455 1149 3586 capiatimplebo
1162 3498 1259 3565 λωντος

156 3563 286 3642 plenius
306 3563 391 3622 foret
413 3563 485 3643 πρὶν
507 3557 530 3642 di
542 3560 597 3644 τήν
617 3560 720 3646 πήραν
739 3561 897 3644 ἐμπλήσω,
925 3589 981 3646 την
996 3561 1258 3648 κεφαλήνσοιέμ·

154 3645 276 3727 κλήσω,
304 3646 359 3708 sed
382 3651 483 3710 multo
507 3646 649 3753 jejunius
671 3648 817 3709 Adreseb.
839 3648 971 3710 Dilucc.
999 3648 1104 3711 Thuo.
1127 3670 1163 3733 p.
1188 3646 1259 3721 702.

152 3737 282 3876 qupplet
296 3732 561 3815 ἑμτιλήσθομὲνής,
585 3746 643 3795 aut
654 3732 720 3815 legi
736 3737 807 3794 vult
823 3732 884 3818 πρδ
902 3741 978 3818 γοῦν
996 3739 1054 3799 τοῦ
1066 3730 1123 3817 τήν
1143 3732 1259 3825 πήραν.

187 3839 274 3878 strar.
1074 3850 1077 3855 -
1284 3858 1287 3867 .

238 3901 316 3964 Era.
338 3906 360 3961 l.
386 3908 434 3968 14.
459 3892 506 3967 ‘st
519 3903 722 3987 δημοκρατία)
744 3900 818 3964 Vid.
832 3899 962 3963 Herold.
979 3899 1055 3970 Oba.
1070 3915 1105 3966 et
1119 3904 1259 3975 Emend.

153 4009 179 4046 c.
193 3993 244 4055 48.
275 3988 470 4052 Hnsrsr·.Il.
513 3990 670 4071 Aristopd.
687 3989 735 4047 Pl.
752 4009 782 4050 V.
800 3991 896 4071 950.Ι
1106 4022 1111 4030 ·
1153 3982 1160 4043 ’-

308 4071 376 4136 Ὅτι
387 4068 530 4138 καταλύει·
543 4079 721 4154 περιφανῶς
734 4069 776 4150 εἷς
791 4067 834 4137 dv
850 4064 945 4152 μόνος
958 4080 961 4085 ’

318 4156 386 4241 Τήν
407 4161 625 4245 δημοκρατίαν
692 4164 695 4169 ’
