2640 4680
147 302 247 398 ’ὥθ
426 322 1007 404 aororsrroaam

163 486 203 552 de
223 505 287 570 quo
308 495 434 564 praeter
446 448 676 543 Sellasia-tam
694 479 876 545 Hieronf.
892 479 936 542 11.
954 479 1011 545 lib.
1027 434 1106 547 ts'e.
1127 491 1176 552 11.
1191 483 1270 548 Ra-

162 575 250 635 rlerrrs
262 568 301 629 ad
315 564 456 629 lliartr'ol.
472 565 568 640 XIII,
584 570 635 632 75.
652 585 695 624 ex
710 563 890 626 Philostrato
905 569 1036 644 notans,
1058 568 1144 649 quod
1157 585 1191 631 et
1206 570 1270 630 alii

83 693 85 698 ·
162 650 285 740 stiores
308 653 470 726 iecerunt,
493 669 573 732 quae
587 667 743 729 apsquam
768 650 856 710 ineo
883 666 1107 732 compareantr
1130 651 1194 714 hoo
1208 675 1268 714 aa.
1292 717 1294 721 .

164 757 227 802 tem
264 749 476 805 commentum
505 755 522 793 a
561 753 624 815 quo
657 733 702 792 sit
724 748 870 810 auctore,
904 738 1266 818 quamque-antiquum,

162 846 251 885 nuno
269 823 435 902 exquirere
448 817 531 879 nihil
544 817 677 883 adtinet.
718 816 894 881 nasarius
910 817 1062 888 Cadmum
1079 835 1112 882 et
1124 823 1269 885 Palame-

102 970 109 987 ,
163 909 234 970 dem
262 905 375 967 itidem
396 903 573 987 adjungens
594 902 648 964 Or.
671 900 727 964 lv.
753 921 783 983 p·
801 905 909 971 60.'A.
933 902 1078 965 librarios
1099 909 1267 989 eleganter

163 987 339 1063 vocatrorir
352 994 405 1068 τῆς
416 989 542 1068 Κάδμον
559 989 609 1051 nal
625 983 829 1066 Παλαμήδους
841 990 942 1071 τέχνης
963 989 1177 1073 δημιουργούς.
1199 991 1269 1053 Ne·

78 1130 81 1137 .
162 1079 241 1154 seio,
253 1095 293 1136 an
308 1073 478 1156 Euripidem
496 1093 551 1152 pro
565 1071 661 1154 hujus
677 1069 843 1153 opinionis
856 1087 988 1137 auctore
1003 1073 1128 1135 fuerint
1140 1075 1266 1136 secutis

162 1161 315 1224 videntur
338 1156 431 1218 certe.
459 1161 527 1239 ejus
553 1179 592 1218 ex
619 1151 913 1217 Palamedelooum
936 1159 1098 1241 egregium
1121 1152 1269 1221 servavit

133 1298 141 1309 .
164 1245 250 1308 Sal.
263 1265 293 1341 p.
308 1249 382 1309 469.
396 1241 431 1301 in
448 1261 512 1323 quo
528 1241 634 1300 miuus
649 1239 765 1314 miror,
788 1253 838 1305 ¹tot
851 1240 997 1305 homines
1014 1240 1264 1320 eruditissimos,

70 1382 75 1391 .
162 1351 273 1391 eorum
290 1341 413 1404 autem,
438 1326 494 1408 qui
511 1326 550 1386 de
568 1325 670 1386 literis
685 1324 900 1405 scripserunt,
924 1346 1017 1392 uerno
1042 1328 1110 1409 fere
1125 1343 1267 1407 praeter·

79 1486 81 1491 Ι
162 1413 269 1488 misit,
290 1415 412 1471 ‘nullam
427 1410 571 1493 tetigisse
586 1409 659 1469 vitii
675 1409 909 1490 suspicionem,
928 1423 1097 1492 postquam
1115 1410 1268 1494 Scaliger-i

163 1498 350 1559 acerrimum
372 1492 454 1556 illud
473 1493 639 1578 ingenium
654 1494 829 1555 cessaverat
844 1493 882 1553 ad
895 1493 1006 1557 Marii.
1021 1490 1079 1576 IV,
1091 1504 1162 1566 206.
1172 1498 1266 1577 prae·

131 1626 141 1639 ,
164 1585 279 1643 olaram
307 1579 499 1662 posterioris
523 1579 623 1660 partis
645 1577 901 1640 emendationem
929 1580 999 1640 viro
1019 1581 1158 1651 maximo
1176 1578 1264 1643 hora

162 1667 283 1727 melior.
299 1658 483 1748 suggessit,
508 1679 544 1722 ut
566 1662 718 1722 discimus
741 1660 779 1721 ab
799 1662 843 1723 Η.
867 1661 970 1726 Grotio
995 1661 1035 1724 ad
1056 1666 1170 1729 Floril.
1193 1664 1263 1735 Tit.

162 1749 319 1811 LXXXI.
369 1749 495 1808 Priores
519 1768 646 1821 versus,
679 1769 749 1807 oum
776 1745 929 1808 haetenus
958 1749 1071 1827 etiam,
1105 1765 1142 1811 ut
1166 1763 1263 1832 puto,
1285 1761 1309 1825 ᾗ

163 1824 318 1895 nonnihil
339 1831 504 1907 laborent,
535 1831 588 1892 ita
609 1828 760 1912 legendos
789 1830 943 1895 arbitror:
978 1830 1021 1896 Τά
1040 1840 1093 1914 τῆς
1110 1859 1143 1919 γε
1164 1829 1267 1915 λήθης

59 1956 63 1962 =
164 1912 299 2001 φάρμαχ’
318 1912 451 2001 ἇρμὸσας
465 1914 558 1997 μόνος
571 1912 706 1994 ”Αφωνα
720 1917 769 1980 καὶ
784 1923 932 1995 partiare
951 1922 1145 1998 (φωνοῦντα,
1168 1937 1265 2000 quasi
1302 1996 1305 1999 Δ

165 2004 323 2065 Graecum
340 2006 439 2079 foret,
450 2001 597 2061 'nimium
614 2000 773 2082 patienter
788 2003 956 2076 tulerunt)
971 2000 1121 2088 συλλαβάς
1132 2029 1164 2068 τε
1175 2006 1263 2077 θεὶς·

24 2108 32 2127 “
92 2152 95 2157 ,
148 2083 299 2185 aspriora
312 2087 386 2150 dedi
407 2107 465 2168 pro
487 2081 645 2168 ὀρθάσας,
668 2100 797 2168 utpote,
820 2107 869 2147 me
888 2084 1016 2166 quidem
1036 2086 1264 2170 judice,..con·

160 2172 364 2235 terrentius:
387 2173 525 2247 tametsi,
543 2171 656 2255 siquis
672 2168 750 2231 illud
767 2170 850 2230 tueri
865 2171 945 2230 velit
957 2193 1015 2254 pro
1032 2170 1263 2235 irreommodum
1282 2216 1285 2221 <
1304 2247 1307 2251 Ι

162 2270 327 2340 motumque
341 2257 472 2319 ordinem
488 2256 628 2341 digerere,
652 2251 813 2340 quomodo
829 2248 1037 2338 fere'lphfin
1051 2261 1088 2319 A.
1106 2261 1211 2337 razzi.
1225 2251 1262 2320 rol

160 2349 245 2407 θεῶν
268 2339 324 2405 oria
344 2337 539 2422 ὀρθωθέντα,
570 2340 693 2414 idest,
722 2333 824 2419 ὀρθῶς
840 2343 1048 2422 διοικηθέντα,
1077 2345 1261 2419 διατεθέντα,

161 2446 230 2486 non
252 2423 344 2485 valde
363 2446 432 2483 sum
447 2429 701 2507 repugnaturus:
725 2439 792 2483 tum
815 2441 912 2501 porro
923 2421 1010 2505 ’σάφα
1026 2427 1144 2501 Δέλτος
1154 2431 1264 2509 διαιρεῖ

163 2508 300 2571 restituo
318 2527 377 2588 pro
391 2504 487 2584 κακά,
510 2506 613 2594 quod,
637 2520 801 2581 utcunque
813 2506 941 2566 cesserit
963 2507 1162 2589 emendatio,
1188 2525 1264 2574 eor-

71 2629 80 2649 s
163 2606 293 2674 ruptum
306 2592 455 2672 profecto
470 2609 537 2676 est,
573 2593 625 2651 Ex
637 2587 688 2649 his
703 2586 832 2670 quidem
845 2589 940 2665 solis,
964 2589 1050 2670 quod
1073 2608 1198 2661 veteres
1213 2593 1264 2657 ri·

98 2681 100 2685 ’
123 2723 131 2743 ,
165 2677 282 2737 dentur
294 2675 429 2750 iecisse,
451 2676 597 2748 iecerunt
611 2688 695 2736 certe
709 2667 950 2745 recentioresd.
965 2676 1116 2739 Meorsius
1131 2680 1262 2766 aliique,
1309 2691 1312 2696 '

164 2775 203 2824 ut
216 2757 377 2820 Palamedi
398 2759 561 2822 literarum
575 2759 796 2820 inventionem
818 2755 968 2826 tribuerit
982 2759 1160 2847 Euripides„
1175 2763 1263 2827 haud

164 2866 242 2907 sane
257 2843 426 2907 conficias:
449 2845 535 2991 niffil
547 2845 659 2930 utique
674 2841 762 2903 aliud
776 2838 933 2922 adfirmat,
949 2865 1045 2928 quam
1059 2849 1145 2931 quod
1159 2848 1262 2912 literis

166 2928 323 2995 ordinatis
342 2928 488 2991 faciliore
536 2927 650 2992 utendi
668 2925 895 3008 scribendique
916 2928 1074 2994 rationem
1098 2953 1265 2995 common.

165 3013 325 3087 straverit3
344 3014 606 3096 quemadmodum
619 3010 782 3090 Aeschylus
797 3011 987 3076 Prometheo
1002 3015 1086 3076 inter
1098 3015 1161 3079 alia
1176 3038 1264 3101 mag·

164 3099 288 3175 nilico,
303 3121 383 3181 quae
395 3101 601 3184 Tragicorum
624 3117 711 3159 more
724 3115 877 3178 perquam
897 3094 1073 3161 liberaliter
1093 3098 1189 3163 heroi
1202 3122 1263 3164 suo

165 3182 283 3259 donat,
306 3185 402 3247 etiam
414 3184 603 3269 ,adsignavit
626 3205 656 3242 v.
674 3186 746 3251 459.
764 3179 945 3264 γραμμάτων
967 3209 997 3249 τε
1018 3186 1191 3264 συνθέσεις,
1206 3188 1265 3246 ¹-rel

165 3268 277 3350 potius
294 3265 437 3334 σύνθεσιν
446 3267 580 3351 Μνήμης
593 3262 736 3333 ἁπάντων
747 3262 952 3350 μουσομήτορ’
961 3264 1101 3352 ἐργάνην·
1113 3270 1160 3330 sio
1174 3269 1264 3331 enim

164 3351 385 3432 reponendum
399 3375 533 3418 censeo:
556 3355 584 3414 is
605 3367 711 3415 tamen
726 3347 827 3425 idem,
851 3367 888 3409 ut
902 3371 1014 3414 scenae
1033 3352 1184 3431 serviret,
1207 3352 1265 3413 ni·
1296 3410 1300 3417 .

166 3433 218 3497 iril
230 3435 369 3498 alienum
384 3439 487 3500 facere
503 3436 566 3498 sibi
582 3437 669 3497 risus
682 3441 740 3508 est,
755 3437 801 3508 si,
819 3456 850 3515 q„
897 3496 901 3505 ,
924 3460 952 3501 m
967 3436 1022 3497 hio
1036 3437 1265 3500 Prometheum

77 3526 79 3538 ”
167 3519 303 3582 dixisset
332 3541 511 3600 auctorem,
543 3541 651 3584 eorum
683 3517 836 3602 quaedam
884 3516 906 3580 d
931 3519 1129 3587 Palamedem
1157 3525 1263 3603 multo
1314 3552 1316 3557 ·

166 3606 377 3686 posteriorem
402 3607 481 3668 alibi
504 3608 654 3680 referret,
678 3603 764 3688 quod
785 3602 934 3666 observat
956 3604 1057 3670 Sodol.
1084 3598 1264 3677 adam.

168 3687 330 3770 Sophocles
345 3713 436 3770 vero,
460 3691 516 3778 qui
530 3689 727 3755 Palamedem
742 3708 871 3771 quoque
887 3710 980 3750 suum
995 3689 1201 3762 ornatissime
1214 3693 1266 3751 in.

167 3774 309 3849 struxit,
334 3781 473 3856 nullam,
496 3776 628 3860 opinor,
652 3774 735 3838 inter
752 3787 871 3834 oeteras
884 3779 951 3857 ejus
974 3773 1083 3839 laudes
1099 3773 1278 3855 literarum

168 3856 289 3920 fenerat
299 3859 513 3934 mentionem
529 3865 640 3922 saltem
650 3862 714 3921 tale
728 3855 815 3918 nihil
828 3857 956 3939 adparet
972 3858 1058 3918 eoin
1074 3858 1265 3943 loeo,qnem

168 3940 310 4028 protulit
329 3943 382 4004 vir
403 3965 535 4030 magnus
557 3942 597 4004 ad
615 3941 797 4016 Manilium,
817 3938 874 4023 aed
894 3940 973 4018 ista,
998 3963 1040 4005 ex
1060 3941 1262 4020 adversariis,

170 4045 210 4094 ut
231 4048 459 4116 saepenumero
483 4032 585 4108 solet,
608 4025 822 4114 deproperare
840 4046 955 4111 parum
982 4044 1077 4095 caute
1101 4027 1265 4105 scribens:
1297 4095 1302 4103 ,

271 4352 288 4379 ἱ
