2640 4680
155 329 231 398 422
421 325 983 391 suuou'surottss
1136 346 1140 359 ·

157 488 236 576 gari,
259 486 478 573 ypuppurriruiu,
499 481 690 569 φιλοσόφων,
707 488 818 568 ἰατρῶν
831 489 945 565 παῖδας,
966 481 1168 568 putavitque
1182 481 1271 545 nihil

159 576 301 648 obstare,
331 593 395 654 quo
418 575 523 632 minus
541 572 649 635 eedem
672 570 828 653 loquendi
848 571 931 631 ratio
956 574 1124 631 enumero
1145 566 1270 650 plurali

158 659 308 740 migraret
330 659 362 716 iu
386 658 593 739 singularem:
633 656 696 716 hoc
724 657 752 716 si
770 661 822 716 vel
842 653 972 717 Graecis
988 654 1123 714 licuisse
1141 672 1271 734 pones,

87 790 89 795 .
156 740 357 826 probandum
374 743 488 822 utique
502 743 616 818 fuerat,
640 741 767 801 Latinis
782 738 865 800 idem
886 738 1054 818 placuisse.
1087 737 1140 798 Ut
1158 751 1273 798 sutem

157 840 264 889 motae
287 823 473 885 difficultati
489 840 691 900 occurratur,
716 823 793 904 quid
811 825 839 884 si
859 821 1015 906 Megabuii
1035 821 1127 903 (hoc
1144 821 1190 882 ed
1206 842 1273 882 me·

154 911 201 969 'tri
222 915 307 992 leges
331 916 437 989 aptius
463 907 657 989 respondet)
676 909 767 994 filius
788 908 942 985 retineas3
973 927 1037 966 non
1060 904 1273 981 sucerdotis,

159 993 215 1054 sed
231 994 296 1053 viri
314 995 400 1070 clari,
426 998 516 1074 cujus
531 993 616 1053 filius
631 992 811 1055 sacerdotio
825 993 924 1053 fuerit
940 989 1096 1052 functus?
1123 989 1187 1049 Sin
1206 1009 1274 1049 me·

158 1080 219 1151 lis,
250 1077 283 1134 in
306 1099 400 1157 quam
417 1077 605 1138 sententiam
628 1076 748 1138 eruditi
769 1078 833 1138 viti
854 1077 1075 1158 propendent,
1097 1074 1275 1172 Megabyzs'

23 1151 25 1154 ‚
134 1164 137 1169 ’
147 1161 256 1247 filius,
278 1159 483 1223 statuendum
502 1177 566 1223 est.
587 1164 803 1243 Megabyzum
818 1161 936 1236 istum,
960 1174 1134 1244 antequam
1153 1179 1274 1219 smmi·-

159 1264 238 1304 nura
259 1246 415 1307 virilitate
433 1244 621 1328 dignitatem
637 1248 810 1326 susciperet
825 1244 990 1320 antistitis,
1006 1243 1141 1318 liberos,
1159 1241 1273 1303 Theos

114 1392 116 1397 ‚
146 1330 272 1389 'timum
290 1324 416 1406 seltem,
440 1351 638 1411 procreasse,
671 1329 728 1412 qui
749 1328 938 1390 Theotimus
959 1325 1106 1388 sacerdos
1131 1325 1271 1407 quidem

158 1413 319 1493 Ephesiae
333 1415 470 1491 Dianae,
494 1435 558 1474 non
576 1414 725 1495 princeps
744 1413 812 1475 sive
827 1411 1039 1494 Megabyzus,
1061 1409 1148 1489 (hoc
1162 1408 1270 1492 patrie

160 1497 376 1576 eratmunus)
405 1498 460 1559 sed
483 1498 648 1560 inferioris
673 1498 800 1580 gradus.
844 1497 1007 1577 Suspicsri
1026 1509 1137 1557 tamen
1155 1495 1272 1575 potius

158 1580 262 1658 lubet,
286 1582 360 1641 vitii
377 1580 528 1663 quiddam
544 1585 577 1640 in
595 1580 657 1642 hoc
671 1582 810 1644 Plautino
824 1586 897 1642 loco
911 1579 1059 1652 residere,
1070 1576 1165 1659 quod
1179 1578 1271 1658 vide,

160 1686 201 1724 an
225 1664 274 1724 sio
297 1666 400 1725 curari
424 1666 539 1747 possit:
569 1666 782 1750 Megalobyzus
797 1666 908 1750 fidius:
931 1686 995 1747 ,pro
1015 1663 1133 1725 medius
1146 1662 1270 1747 fidius:

161 1769 226 1831 quo
242 1763 337 1830 pacto
354 1752 473 1831 optime
489 1773 563 1812 saue
578 1754 755 1812 sententiae
771 1755 951 1817 consultum
971 1749 1041 1811 erit.
1090 1747 1206 1829 lpsum
1216 1768 1270 1821 ve·

159 1856 196 1894 ro
220 1856 336 1895 nomen
357 1834 499 1902 fueritne
522 1834 708 1918 diguitatis,
731 1849 763 1895 et
777 1834 980 1914 splendidum
994 1832 1163 1893 hominem
1180 1829 1270 1912 apud

96 1939 99 1944 ·
159 1917 319 1998 Ephesios
335 1939 372 1977 ac
384 1918 589 2001 magnificum
606 1919 736 2000 proprie
749 1917 957 2002 significarit,
983 1939 1022 1978 an
1040 1915 1077 1975 ab
1092 1916 1271 1999 antiquio·

159 2023 194 2063 re
211 2000 348 2083 quodam
367 2003 563 2083 Megabyzo‚
587 2003 644 2086 qui
662 2024 868 2063 summarum
887 2002 981 2064 leude
997 2003 1032 2061 in
1048 2000 1112 2062 hoc
1129 2020 1269 2067 munere

159 2086 203 2145 sit
219 2103 371 2164 versatus,
397 2087 436 2147 ad
450 2085 644 2149 successores
662 2102 871 2170 propagatum
888 2082 1267 2168 venerit,²ego.quidem,

153 2170 216 2244 ⁴ubi
239 2186 360 2231 veteres
384 2171 499 2253 silent,
531 2172 662 2236 delinire
682 2193 747 2232 non
772 2173 933 2232 sustineo:
949 2170 1019 2232 hoc
1036 2184 1147 2232 tamen
1171 2167 1269 2229 docet

158 2257 332 2316 memoriae
348 2271 492 2319 vetustae
505 2255 601 2334 fides,
631 2258 758 2336 saepius
773 2279 835 2316 usu
850 2255 992 2326 venisse,
1014 2267 1051 2314 ut
1066 2252 1167 2334 primi
1183 2251 1268 2312 sacri

162 2339 287 2398 ordinis
302 2341 441 2400 auctoris
459 2363 575 2403 nomen
593 2339 631 2401 sd
645 2356 787 2421 posteros
803 2339 992 2404 demanaret.
1020 2338 1059 2398 In
1072 2334 1267 2401 Olstovis

161 2426 314 2499 templum
338 2427 472 2497 Αἴαντος
485 2427 599 2507 ἵδρυμα
611 2431 667 2488 rori
684 2420 834 2508 Τεύκρου·
865 2422 950 2484 unde
963 2427 994 2489 ol
1004 2424 1139 2487 ιιλιῖστολ
1156 2444 1191 2506 γε
1207 2426 1269 2485 τοῖν

162 2505 382 2586 ἱερευσαμένοιν
391 2505 581 2586 ὠνομάζοντο
594 2513 725 2590 Τεῦκροι
735 2505 758 2589 ἢ
763 2511 903 2582 Αἴαντες.
927 2506 1028 2568 Srrad.
1044 2505 1134 2571 xlv.
1150 2510 1270 2585 pess-

161 2589 316 2650 Lucienus
336 2604 441 2651 autem
457 2592 555 2674 quin,
578 2605 615 2649 ut
631 2593 811 2674 Megaclem
834 2605 869 2650 et
879 2590 1105 2664 Protarchum,
1131 2593 1269 2675 vulgate

164 2672 294 2754 quidem
308 2674 394 2735 inter
412 2677 551 2736 Graecos
565 2674 713 2746 nomine,
743 2696 809 2736 non
831 2674 870 2736 ab
884 2696 947 2738 usu
958 2688 1066 2737 tamen
1079 2673 1267 2752 communi,
1293 2670 1297 2677 ’

162 2755 219 2817 sed
234 2778 251 2816 a
268 2757 461 2836 Comoedia,
485 2758 532 2820 sic
546 2775 579 2822 et
594 2760 809 2844 Megabyzum
824 2759 998 2843 petiverit,
1022 2756 1270 2823 minimeduhi·

57 2908 60 2913 ,
162 2856 208 2904 to.
253 2842 332 2902 Fuit
351 2842 434 2922 apud
452 2844 604 2906 Comicos
616 2844 651 2904 in
664 2844 729 2905 ista
751 2865 831 2907 voce
846 2865 912 2905 nou
927 2857 1068 2924 potestas
1080 2846 1206 2921 solum,
1230 2854 1270 2904 ut

158 2925 313 3005 arbitror,
329 2927 393 2987 viri
409 2927 567 2991 divitis'et
586 2927 760 3010 splendidi,
775 2950 886 2990 verum
901 2944 1062 3013 praeterea
1076 2927 1271 2990 divitiorum

165 3014 373 3073 ostentatorie
389 3013 502 3095 inepti.
547 3014 600 3074 Sic
615 3014 681 3073 fere
698 3012 799 3076 Grates
816 3013 902 3097 apud
922 3012 1111 3087 Ailoulll.
1136 3031 1170 3093 p.
1191 3018 1268 3081 248·

163 3095 203 3158 A.
224 3097 342 3156 eximie
357 3098 523 3158 restitutus
542 3120 557 3158 a
576 3096 768 3160 Cosouborro:
788 3101 880 3181 ριγιῐν
894 3096 924 3161 rl’
941 3100 973 3163 ἕν
990 3092 1271 3181 Μεγαβύζοασὲξε·

164 3203 213 3243 ται
227 3183 274 3244 ἐπὶ
285 3188 389 3269 μισθῷ
395 3191 485 3247 σῖτον.
508 3181 655 3265 Apollon.
666 3184 759 3266 Tyon.
775 3183 835 3265 Ep.
851 3183 897 3248 ΙΙ.
911 3177 935 3266 ἦ
948 3178 1062 3259 conieci
1069 3182 1273 3292 γεγριγσσὲσν

166 3263 247 3349 αὐτῇ
264 3272 452 3353 (σοφιστείᾳ)
466 3267 542 3349 πρὸς
558 3264 628 3340 τούς
650 3264 899 3350 ἐντυγχάνονιας·
922 3270 1042 3345 ἐπείπερ
1061 3270 1122 3347 spiri
1143 3266 1198 3333 cd·
1218 3267 1273 3331 uui

165 3345 205 3411 rui
221 3347 427 3432 Meyspdgov·
447 3357 585 3436 quonium
599 3350 655 3412 rili
663 3355 728 3434 jam
744 3369 927 3434 pertaesum
943 3376 1010 3434 opes
1025 3355 1169 3433 ingentes,
1192 3372 1274 3435 (γιισι

168 3432 357 3515 supercilium
370 3434 489 3500 tollant.
533 3436 605 3496 Vim
623 3436 776 3495 comicum
794 3438 862 3517 ipss
879 3435 1017 3499 nominis
1034 3433 1273 3503 formeGreece

161 3523 305 3583 ,multum
327 3520 477 3602 adjuvat,
506 3519 626 3603 quippe
651 3539 733 3602 quae
754 3525 983 3600 complectatur
1002 3534 1036 3582 et
1059 3516 1202 3604 cdpipu,
1225 3538 1275 3581 ‘ex

173 3621 239 3681 quo
259 3603 390 3679 facturn,
415 3600 690 3689 ιιῐμεγαλοβῦζους
704 3604 799 3667 etiam
816 3603 968 3683 dixerint,
990 3619 1022 3667 et
1038 3601 1140 3689 βνζόν,
1158 3602 1194 3663 id
1208 3616 1272 3681 est,

125 3718 126 3729 ι
171 3700 211 3743 ut
225 3684 276 3746 He
308 3688 390 3748 chius
412 3691 566 3772 exponit,
588 3685 727 3765 πυκνὸν,
752 3686 892 3756 συνετόν·
919 3696 1035 3776 γαῦρον
1056 3689 1088 3756 di
1107 3689 1162 3753 ιιαλ
1185 3688 1273 3773 μίγα.

136 3846 138 3851 Ι
172 3711 307 3854 Etyma?
321 3774 354 3831 in
369 3769 501 3854 Βύκτης·
523 3772 630 3858 τὸγὰρ
647 3780 687 3857 firi
702 3777 750 3840 erl
764 3783 821 3838 τοῦ
837 3773 968 3860 μεγάλου
984 3776 1112 3858 ildrico·
1135 3773 1186 3838 srl
1204 3768 1277 3838 26·

174 3850 512 3941 φρωνβῦβα(οοβοζοἰ,·
535 3859 679 3942 quamvis
696 3858 781 3941 apud
791 3855 1276 3945 Hesych.Budri(itnlegendum)

174 3947 269 4005 ταῦτα
290 3944 339 4008 ἐπὶ
354 3949 410 4006 τοῦ
427 3941 557 4026 μεγάλου
574 3941 727 4028 τάττεται)
758 3936 826 4008 cirri
838 3952 895 4009 τοῦ
913 3940 1004 4026 μεστοὶ
1026 3945 1079 4008 καλ
1101 3939 1205 4024 πλήρη
1224 3942 1278 4009 ml

177 4024 305 4108 μεγάλα·
329 4023 432 4109 pulsis
449 4031 491 4101 εἰς
505 4025 538 4092 cri
553 4035 649 4108 νῆμα·
672 4028 760 4089 hunc
774 4028 809 4087 in
823 4027 953 4091 modum
970 4028 1032 4089 iste
1047 4034 1138 4090 locus
1155 4026 1277 4090 distin.

93 4158 96 4166 .
178 4113 238 4193 gui
251 4111 366 4187 ‹lebetr
390 4109 606 4194 posteriorum
629 4116 758 4190 sensus,
780 4111 915 4176 deveris
927 4109 1028 4200 βύζιιν
1046 4109 1217 4200 quaerendo
1237 4128 1281 4176 ers
