2640 4680
153 334 289 393 snart-
355 319 435 383 ro.
492 333 519 384 u
544 330 670 383 aar
695 330 1017 407 1.·;o.ns·u:-s
1042 334 1111 387 nr

159 485 301 566 Gallias,
318 478 523 548 Germaniae-
532 476 706 544 adeundas
715 479 897 563 {uicissim
911 479 1043 568 aliquid
1056 482 1153 549 ciebis
1167 483 1267 568 igno·-¹

157 601 308 666 scatent,
337 582 493 667 homines
508 600 583 648 asse
594 593 667 646 turn
682 600 763 665 uos,
783 595 858 648 tum
873 594 1085 663 correctorem
1109 596 1144 649 st
1156 600 1263 674 typo»,

160 690 332 779 graphicas
345 704 474 770 operas,
488 684 684 767 cogitaram.
690 706 753 773 pro
766 687 914 753 millenis
929 681 1144 772 κατορθώμασι
1156 710 1263 776 unum

161 793 258 860 nobis
273 791 480 872 alterumque
495 786 687 853 humanum·
697 807 845 853 errorem
859 788 932 852 sins
949 789 1071 855 scutica
1084 788 1265 854 transmit-

160 904 284 961 terent.
312 888 456 975 ‚Ingrati
484 888 574 959 enirn
597 893 745 975 profacto
766 887 871 980 animi
892 890 1121 955 estet-nimis
1143 892 1263 972 jejuni,

163 998 215 1061 uti
233 993 376 1058 aliorum
397 988 583 1079 laboribus,
612 990 824 1075 ingeniisque
852 988 933 1055 dum
948 989 1172 1083 commodum
1184 990 1188 997 '
1201 1003 1264 1072 est,

165 1087 334 1163 sexcentis
346 1087 427 1154 inde
442 1092 480 1152 in
495 1089 643 1171 singulos
656 1111 760 1177 prope
779 1092 850 1155 diss
868 1088 1156 1159 commoditatibus
1176 1096 1266 1159 frui:

166 1211 202 1264 st
214 1192 418 1272 deinde,1ibi
434 1193 539 1254 semel
550 1194 791 1280 autaliqnoties
806 1191 1095 1279 caespi't'atumest,
1114 1190 1270 1275 clamare,

164 1300 309 1382 flagella,
330 1294 501 1374 stimulos,
523 1296 804 1375 faces-vorborum
819 1288 1171 1381 “podium-stigmata
1184 1299 1269 1360 iou-

166 1420 241 1466 rere
253 1392 445 1461 hominibus
458 1395 583 1481 op'tirns
598 1396 747 1461 meritis·
775 1392 893 1461 Redeo
906 1394 948 1460 sd
963 1394 1154 1482 Epistulam
1164 1397 1271 1462 Ponte·

145 1512 147 1516 ‘
167 1503 266 1583 bine.
307 1483 384 1565 Non
402 1495 508 1559 ausim
521 1498 739 1576 confirmare,¹
754 1501 855 1584 plane
872 1499 959 1562 nihil
971 1517 1046 1562 esso
1059 1499 1097 1561 in
1113 1501 1176 1563 hac
1190 1498 1267 1587 Epi·

157 1600 358 1670 ‘stillaverit
379 1610 560 1682 supersunt
577 1595 685 1679 enirn,
707 1621 792 1686 quse
812 1598 965 1667 nondum
978 1600 1133 1664 iuvenire
1153 1604 1268 1688 potui:

166 1708 278 1772 fateor
289 1703 419 1787 aliquot*
428 1699 508 1762 locis
529 1701 688 1764 omissum
711 1721 803 1780 esse,
834 1721 909 1762 cunr
932 1719 993 1781 ego
1009 1699 1270 1783 Gottingaejans

169 1826 289 1886 emam,
300 1802 549 1886 ultima'operis
557 1801 807 1866 excuderentur
819 1798 967 1884 Lipsiae,
975 1801 1109 1866 'nomen
1125 1804 1270 1868 Pontede-

169 1934 239 1977 rue:
260 1907 321 1974 ssd
332 1908 376 1973 iis
392 1906 429 1969 in
446 1905 545 1983 locis,
568 1923 653 1987 quas
664 1904 724 1967 vel
739 1886 792 1966 sui
806 1903 951 1965 auctoris
962 1902 1067 1968 aliurn
1083 1906 1272 1973 charactera

170 1990 346 2088 habsrsut,
367 2008 426 2071 -vsl
445 2025 464 2068 e
476 2006 594 2091 quibus
607 2004 693 2068 nihil
698 2004 760 2084 ,si
773 2004 902 2092 reliqua
917 2006 983 2070 viri
996 2004 1114 2070 decora
1128 2021 1270 2093 spectes,

168 2114 238 2202 ipsi
258 2108 437 2189 decedere3
466 2126 583 2195 parum
600 2108 702 2185 mihi,
731 2104 920 2172 addendum
941 2107 1031 2175 enim
1054 2109 1118 2173 hoc
1141 2132 1272 2198 quoque

171 2226 233 2295 ast,
243 2211 414 2290 *accedera
429 2210 458 2273 si
470 2211 544 2296 quis
554 2209 639 2273 milri
652 2202 787 2289 tribunt,
802 2211 919 2295 possit.
949 2211 994 2275 Ut
1010 2212 1138 2277 animis
1153 2216 1273 2277 ast-vir

47 2390 49 2395 ,
170 2315 400 2391 doctissimus,
430 2333 468 2374 ea
485 2313 579 2375 illius
601 2311 639 2373 in
658 2311 714 2372 his
733 2313 840 2374 literis
868 2326 1002 2377 exstant
1020 2312 1154 2392 decora,
1186 2336 1273 2399 quas

73 2445 74 2448 ¹
170 2418 298 2481 nullam
312 2416 462 2499 profecto
477 2416 638 2491 jacturam
651 2412 809 2482 sentiant,
833 2413 863 2472 si
887 2415 1013 2497 aliquot
1032 2415 1182 2481 minutas
1205 2415 1272 2479 ad·
1298 2429 1301 2435 '

170 2515 610 2605 notatiunculasopsrarum
623 2511 935 2596 typographicarum
953 2514 1049 2599 culpa
1070 2519 1206 2579 nomine
1219 2520 1269 2604 ip·

99 2665 101 2669 -
169 2620 239 2684 sius
251 2626 404 2681 careant:
424 2612 472 2676 ita
485 2633 617 2676 menon
632 2613 681 2674 ita
695 2614 860 2691 abjectum
874 2624 908 2676 et
921 2615 1081 2694 ignavum
1097 2617 1272 2685 hominem

168 2731 259 2787 terra
270 2716 484 2812 protulit,'ut
498 2716 602 2778 velim
614 2716 677 2777 illa·
690 2713 847 2797 aerugine
867 2713 909 2779 de
930 2715 1110 2779 Pontedercs
1128 2723 1271 2784 thesau-

167 2819 215 2887 ris
236 2817 357 2893 dstrita
385 2816 558 2885 ditescere,
608 2813 694 2908 Nam
722 2815 811 2900 quod
839 2818 1011 2900 objicitur,
1033 2820 1189 2887 Nostra
1220 2826 1266 2905 (i.

166 2920 348 2996 Pontederos
369 2920 567 2997 observata)
592 2929 637 2979 ut
663 2917 805 2983 abdita
835 2934 1004 2999 essent,
1034 2944 1168 3010 nsque
1196 2927 1268 2988 lu·

168 3014 278 3105 cem,
308 3025 344 3086 si
373 3021 478 3086 fieri
505 3031 673 3108 posset,
701 3019 995 3109 adspicere'pt,
1024 3047 1100 3113 qua
1122 3029 1268 3112 potuit

168 3123 406 3207 dilig-entia
427 3122 608 3187 curavi-t.
652 3122 741 3187 Huc
766 3138 898 3212 atque
919 3126 1031 3192 illuc
1052 3125 1267 3211 dispersit

165 3226 381 3314 inhonora
411 3237 542 3311 atque
570 3225 874 3308 abscondidit,
911 3226 1167 3293 illudmovere
1187 3251 1266 3294 eum

164 3330 254 3392 forts
268 3330 398 3413 potest,
420 3329 450 3390 si
467 3328 542 3414 quis
557 3349 641 3414 opus
657 3326 742 3392 illud
757 3350 937 3414 numquam
952 3330 988 3392 in
1001 3349 1120 3393 manus
1136 3332 1264 3395 sumsit

163 3426 250 3493 Nam
264 3431 385 3492 caeteri
397 3428 524 3508 vident,
540 3451 601 3494 nos
615 3442 745 3495 secutos
760 3449 832 3494 esse
846 3451 974 3494 morsm
987 3432 1068 3492 olim
1082 3443 1264 3517 receptum,

163 3529 233 3592 suis
259 3531 343 3593 locis
373 3529 551 3618 adjiciendi
571 3526 822 3614 adnotationes,
856 3531 1036 3616 unicuique
1055 3529 1265 3604 adnotationi

163 3629 289 3694 nomen
302 3632 354 3695 sui
368 3634 522 3714 auctoris,
538 3634 645 3697 literis
661 3630 796 3717 quidem
808 3633 1260 3713 majusculisetferientibus

5 3748 7 3767 t
37 3745 43 3761 ¹
83 3722 110 3757 ”’
164 3733 289 3811 oculos,
311 3732 536 3816 adscribendi,
558 3734 625 3798 nisi
636 3732 725 3818 quod
740 3747 869 3798 nostras
883 3754 923 3797 eo
945 3737 1018 3820 ipso
1040 3735 1121 3798 satis
1146 3737 1264 3827 signam

160 3844 214 3897 tas
239 3837 452 3922 putabamus,
490 3837 520 3899 si
549 3838 679 3917 nullum
708 3857 832 3898 nomen
859 3835 1061 3922 adscriptum
1087 3836 1261 3905 haberent.

41 3991 43 3994 ,
157 3932 237 4019 Qua
254 3937 292 3998 in
314 3957 350 4000 re
374 3940 553 4004 molestum
577 3938 670 4003 nobis
691 3940 841 4003 laborem
863 3935 1055 4023 compendii
1067 3952 1261 4025 poteramus

132 4022 138 4041 ’
157 4029 282 4123 iacere,
302 4045 338 4105 'et
352 4052 499 4137 sumtum
517 4039 726 4128 Bibliopolas
743 4063 810 4107 uon
825 4028 1039 4121 mediocrem,
1061 4043 1093 4108 si
1105 4043 1170 4109 illo
1186 4064 1259 4111 mo.
