2640 4680
188 326 265 402 464
390 312 1055 389 annonarr'ouas*

189 494 246 559 sed
261 461 429 575 οἷνασσῆσαι
442 491 499 554 τινὶ
514 495 640 573 χρυσῆν,
663 493 779 570 χαλκῆν
793 484 898 553 εἰκόνα
922 484 1048 551 Aelim.
1061 482 1103 548 V.
1122 483 1170 550 Η.
1195 483 1294 566 vm,

190 589 242 653 16.
265 579 361 640 Plura
380 576 522 636 dicemus
535 573 574 633 ad
592 572 731 654 Lexiph.
751 573 776 655 ᾗ.
796 581 848 640 11.
864 572 999 637 Hansn
1020 570 1086 633 II..

206 685 209 690 ·
276 664 357 726 End.
381 668 402 723 1.
427 668 457 727 9.
476 657 537 723 Ἐν
551 664 587 744 τῇ
603 655 784 739 ἀκροπόλει)
804 657 890 757 Dixi
903 656 943 718 ad
966 655 1049 719 illud
1063 655 1184 721 Petron.
1199 653 1297 720 rident

84 828 87 833 ¹
186 749 360 820 ,Tritonidis
373 770 464 815 arcem
485 743 617 809 Bonan.

276 833 354 896 lltct.
379 825 534 913 Ἀκιῖνας)
565 826 666 893 Radit
689 826 789 912 capiti
817 826 1007 892 circumdati
1033 831 1141 894 Deum
1165 846 1293 897 notant.

188 909 262 987 Sed
274 917 496 979 numismatum
522 930 719 977 enarratores
743 911 814 991 adi,
836 929 870 981 et
889 913 965 977 vide
982 919 1120 999 Alema.
1131 924 1186 985 27.
1226 919 1293 978 Soa·

188 1029 269 1071 narr.
315 1007 483 1085 Μηνίσκοι,
511 996 639 1078 lunulae,
668 1000 763 1062 nimbi
779 998 908 1076 radiati,
932 1015 1109 1063 statuarum
1129 1001 1292 1084 capitibus

186 1091 321 1172 adponi·
334 1079 496 1163 solebant,¹
519 1100 556 1146 ut
578 1089 706 1146 monuit
729 1105 770 1146 ex
789 1082 852 1146 hoc
873 1091 947 1146 loco
963 1084 1002 1147 L.
1019 1084 1137 1147 Kmter.
1156 1082 1197 1147 ad
1207 1088 1293 1151 'Ari-

185 1176 284 1259 atoph.
300 1174 364 1237 Ar.
392 1195 420 1237 v.
444 1179 534 1238 1114.
559 1186 590 1231 et
607 1170 665 1230 diu
687 1185 781 1245 ante,
805 1168 972 1252 productis
984 1170 1200 1253 Aristophanis
1217 1193 1291 1235 ver-

186 1261 277 1323 nibua
294 1257 429 1340 Scaliger
447 1255 486 1317 ad
500 1257 602 1317 Catal.
623 1278 652 1336 p·
667 1263 739 1321 211.
762 1252 845 1336 Hug.
870 1253 991 1315 Grotius
1009 1253 1051 1314 ad
1061 1255 1129 1317 Ima
1153 1301 1162 1317 .
1182 1277 1224 1339 p.
1240 1266 1289 1327 39.

185 1345 350 1425 Nequeeo
368 1347 493 1402 t'antum
509 1338 585 1400 addi
599 1340 744 1401 solebant
759 1338 872 1417 nimbi,
887 1337 1071 1419 nedes-uper
1085 1340 1139 1401 avi
1163 1363 1202 1403 us
1215 1364 1288 1403 con.

185 1443 428 1510 spurcarentur,
460 1447 541 1509 quae
563 1424 708 1506 Scaligeri
730 1423 831 1487 fuisse
853 1421 983 1499 videtur
1009 1424 1145 1505 opinio,
1179 1449 1287 1491 verum

186 1513 285 1576 etiam
295 1512 427 1572 honoris
437 1506 922 1591 divinitatisquesignificandae
929 1529 1056 1582 caussas
1071 1510 1288 1593 quamobrem

183 1618 297 1661 eorum
311 1595 465 1681 dignitati
481 1615 631 1655 concessa
645 1594 711 1654 fnit
728 1614 847 1655 corona
867 1590 1007 1670 radiata,
1032 1595 1090 1679 qui
1105 1596 1286 1679 vulgarium

184 1680 354 1744 hominum
376 1695 492 1739 sortem
515 1679 667 1740 excedere
695 1676 903 1755 videbantur,
942 1677 1029 1760 quod
1057 1693 1144 1741 recte
1175 1679 1287 1744 (locuit

153 1768 156 1777 '
186 1768 247 1835 Th.
260 1765 429 1827 Bartholin.
445 1762 484 1824 de
498 1765 578 1827 Luc.
589 1767 681 1825 Hom.
697 1764 724 1822 I.
735 1785 760 1822 c.
777 1773 825 1831 12.
839 1786 872 1846 p.
890 1770 940 1831 72.
957 1762 1104 1825 adferens
1121 1762 1204 1827 baec
1218 1764 1286 1847 ipsa

181 1851 318 1919 Lucinti
332 1849 424 1910 verba
439 1864 471 1911 et
487 1869 567 1928 quae
582 1850 734 1932 leguntur
751 1848 785 1906 in
800 1847 910 1910 libello
929 1846 968 1909 de
982 1850 1053 1909 Dea
1069 1848 1177 1931 Syria.
1212 1851 1286 1913 Atia

185 1935 344 2018 quaedam
370 1931 458 1995 dedit
478 1931 662 2014 Scleglt.'ad
684 1933 720 1994 V
715 1930 764 1995 cll.
783 1933 898 1995 Patere.
916 1932 958 1998 ΙΙ,
982 1954 1008 1997 c.
1024 1938 1076 2001 59.
1097 1939 1128 2009 ᾗ.
1146 1942 1178 2004 6.
1223 1936 1286 1997 Hic

183 2026 292 2081 au'tem
311 2019 513 2100 turpissimus
532 2019 678 2079 adulator
695 2039 767 2080 eum
786 2018 818 2078 in
835 2016 965 2078 modum
981 2019 1159 2081 concinnat
1172 2019 1286 2103 ‘Timo-

185 2108 237 2165 nis
250 2105 441 2188 imaginem,
464 2117 501 2163 ut
522 2105 653 2164 mixtam
667 2105 687 2168 J
689 2104 761 2164 ovis
773 2102 921 2185 Solisque
943 2103 1076 2163 formam
1092 2108 1286 2187 complecta·

179 2203 257 2252 tur.
281 2189 443 2248 Solaribus
466 2188 569 2274 signis
588 2189 756 2251 accessisse
771 2188 876 2250 radios
886 2185 970 2248 nihil
985 2202 1033 2250 est
1050 2186 1186 2251 mirum:
1208 2188 1287 2253 Pom

70 2307 74 2329 .
176 2300 248 2340 nan.
265 2275 322 2339 VI.
338 2296 369 2355 p.
383 2279 457 2343 514.
479 2282 537 2339 τοῦ
553 2275 585 2338 δὲ
600 2268 922 2357 (ἀγάλματοςἭλίον)
943 2276 977 2338 αἱ
989 2266 1285 2357 ἄκτῖνεςᾶνὲχονσι·

182 2380 278 2443 saepe
295 2357 454 2420 duodeni:
477 2374 589 2419 notum
614 2357 696 2418 illud
710 2359 862 2420 Μανσίσηί
875 2355 1012 2442 Capellae
1025 2356 1072 2424 ΙΙ.
1096 2363 1203 2441 1³·ss-

348 2477 391 2489 --
414 2443 564 2525 radiisque
577 2459 728 2505 sacratum

348 2527 405 2587 Bis
419 2530 494 2587 aenis
503 2528 756 2610 pet·laibentcoput
774 2527 1090 2614 aureoluminnferrc.
1158 2546 1161 2555 ’
1255 2596 1260 2607 ,

182 2610 369 2678 Artemidor.
384 2611 442 2687 IV,
457 2619 508 2678 51.
533 2611 621 2671 visus
635 2610 697 2670 sibi
711 2613 778 2673 fuit
793 2611 922 2696 quidam
938 2634 995 2695 pet
1010 2613 1116 2674 forum
1132 2614 1284 2678 incedere

179 2699 290 2782 specie
305 2695 382 2756 solis
397 2698 472 2778 ἔχων
487 2688 610 2771 ιἰκτῐνας
622 2695 746 2761 ἕνδεκα·
768 2694 931 2783 στρατηγός
946 2692 1108 2781 ἀπεδείχθη
1118 2707 1175 2784 τῆς
1190 2697 1287 2768 edroi

178 2782 314 2858 πόλεως·
336 2783 387 2845 καὶ
413 2786 510 2864 μιῆναι·
527 2780 632 2847 ἕνδεκα
655 2779 797 2864 ἐπιζήσας
814 2788 854 2869 τῇ
876 2779 896 2848 ἆ
938 2791 953 2805 ”
973 2775 1125 2849 doleatve·
1148 2784 1284 2871 adparet

179 2869 409 2931 somniatorem
427 2868 523 2927 istum
540 2864 709 2928 duodecim
723 2808 1023 2933 habitummiiirisse
1038 2866 1168 2949 radios,
1188 2870 1221 2931 ai·
1235 2870 1283 2931 in·

178 2969 304 3038 tegrum
320 2949 472 3035 explendi
489 2952 643 3013 mensium
658 2973 823 3017 numerum
841 2968 983 3035 potestas
996 2952 1064 3014 fato
1079 2954 1188 3015 fuerat
1199 2976 1284 3017 con-

177 3060 275 3100 cessa.
309 3037 502 3119 Plerumque
518 3037 660 3118 septeni3
683 3037 769 3102 unde
786 3039 842 3100 sol
855 3034 1007 3117 ἕκτᾶκτις,
1025 3059 1106 3120 quae
1122 3046 1192 3101 vo'x
1207 3040 1284 3103 Pro·

177 3121 226 3186 clo
247 3121 448 3182 restituenda
473 3122 507 3181 in
530 3124 608 3184 itm.
633 3121 716 3187 Plot.
741 3144 774 3204 p.
800 3130 849 3191 11.
872 3144 928 3205 pro
951 3118 1088 3198 ἑπτάκις·
1120 3128 1214 3208 cujus
1233 3122 1282 3191 rei

175 3229 242 3267 non
259 3210 434 3266 naturalem
452 3221 576 3267 tantum
592 3228 732 3267 caussam
751 3224 873 3269 veteres
887 3207 1057 3290 Theologi,
1071 3205 1137 3268 'sed
1158 3223 1194 3271 et
1207 3231 1287 3291 my·,

174 3292 289 3351 sticam
310 3289 522 3357 tradiderunt.
575 3292 660 3352 Hinc
680 3289 839 3358 ἕπτᾶωνοι
859 3289 978 3368 ἀκτῖνες
999 3293 1108 3355 Nonne
1133 3293 1279 3375 Dionys.

174 3374 365 3440 XXXVIII.
387 3398 418 3436 v.
435 3384 508 3445 803.
532 3375 706 3459 eodemque
732 3381 832 3439 relata
856 3377 921 3438 fuit
940 3373 1101 3452 ἕκσάτονος
1122 3382 1177 3440 vel
1192 3375 1280 3463 lucif

174 3463 286 3543 χορὸος
300 3457 386 3542 λύρα.
421 3461 510 3522 Inter
522 3464 660 3522 amuleta
674 3483 804 3545 quoque
818 3461 927 3541 draco,
946 3463 974 3523 is
989 3461 1084 3537 enim,
1098 3477 1136 3522 ut
1150 3477 1278 3542 notum,

174 3545 238 3604 soli
263 3566 366 3623 sacer,
389 3561 509 3628 septem
532 3544 631 3605 radiis
656 3545 879 3614 circumdatus.
924 3546 1031 3610 Galen
1055 3549 1123 3628 περὶ
1137 3555 1195 3629 τῆς
1217 3554 1282 3613 τοῖν

169 3625 264 3692 Ἀα1.
284 3635 382 3712 Φαομ.
401 3636 468 3695 δαν.
483 3632 540 3691 ΙΧ.
566 3631 716 3696 ἓντιθὲασί
729 3657 759 3695 τε
778 3635 829 3697 καὶ
851 3637 998 3713 δακτυλίῳ
1018 3626 1112 3696 ctirdv
1137 3629 1284 3719 (xlmpdv

172 3711 296 3788 ἰάσκιν)
311 3718 403 3793 Ιἔνιοι,
419 3718 471 3780 καὶ
483 3709 654 3801 γλύφουσιν
667 3718 700 3780 ἐκ·
715 3710 801 3804 αὐτῷ
815 3714 867 3783 cdo
880 3715 935 3794 τοὶς
945 3714 1067 3792 instant
1081 3717 1189 3801 ἔχοντα
1203 3716 1280 3805 doci-

171 3823 282 3878 κοντα,
303 3799 441 3882 καθάπερ
460 3803 511 3866 καὶ
529 3798 546 3867 ὅ
570 3798 709 3883 βασιλεὺς
726 3799 870 3885 Neptunia
885 3806 1013 3890 ἔγραψεν
1025 3804 1058 3867 ἐκ
1077 3808 1115 3908 τῇ
1132 3820 1280 3889 resonae·

115 3958 118 3963 Ι
170 3882 335 3970 καιδεκάτῃ
364 3890 476 3966 βίβλῳ·
508 3902 551 3946 ut.
568 3887 738 3972 legendum
763 3886 889 3967 credam
908 3885 961 3953 τὸν
986 3884 1059 3952 iorni
1081 3913 1144 3953 ακσ.
1166 3891 1209 3973 ἒχ.
1231 3894 1281 3973 da.

168 3969 339 4053 persuadet
353 3970 432 4028 mihi
450 3972 592 4033 Marcell.
607 3971 720 4054 Empir.
740 3995 772 4054 p.
791 3981 861 4041 147.
906 3970 943 4033 In
964 3971 1066 4055 lopirle
1074 3972 1198 4055 jaspide
1213 3998 1281 4037 ex·-

168 4055 270 4137 sculpe
294 4054 450 4116 draconem
472 4057 639 4132 radiatum,
662 4075 694 4117 ut
713 4058 821 4120 labem
839 4060 952 4141 septem
966 4057 1084 4135 radios,
1113 4073 1142 4117 et
1165 4056 1279 4121 clauda

43 4210 48 4219 ¹
168 4142 261 4219 αι’νο,
284 4158 312 4205 et
328 4140 550 4228 uteremcollo.
581 4144 675 4206 Talea
689 4141 1066 4229 hactenusrepetiuntut
1083 4142 1119 4203 in
1134 4143 1278 4227 gemmis
