2640 4680
157 339 284 401 ,cxxvi
356 328 623 421 ’secianus
656 335 1034 397 rauunnruvsrta

173 486 311 573 plicavit
325 480 373 567 l),
396 492 435 544 ut
450 503 524 544 cum
540 502 667 580 summe
687 481 858 563 judicandi
872 486 1055 552 subtilitate
1066 510 1180 575 parem
1195 514 1274 556 mo-

173 588 380 651 derationem
394 597 428 649 et
441 587 643 670 aequitatem
659 589 883 667 conjungeret.
905 587 973 651 Sed
985 590 1069 652 illud
1081 594 1273 660 faciundum

172 701 240 767 est,
264 685 352 772 quod
365 699 458 772 optat
472 689 564 771 ipse,
587 688 714 750 sibene
730 709 808 752 eum
826 690 998 768 norimus,
1022 698 1273 774 praestantissi-

171 811 246 852 mus
259 789 337 850 libri
353 787 478 866 editor,
500 800 539 850 ut
557 789 687 870 singula
707 793 783 868 ejus
798 794 903 874 capita
925 792 1115 872 singulatim
1133 795 1175 858 ad
1188 789 1272 861 cen-

119 904 123 920 ·
171 911 281 952 suram
294 902 467 968 vocentur,
483 911 567 975 quae
581 887 723 954 totidem
742 891 982 955 subsidia'sunt
997 905 1031 954 et
1043 900 1091 966 (ut
1111 895 1271 983 Appule-

169 996 247 1072 jano
260 995 364 1054 verbo
386 991 539 1075 utamur)
556 993 768 1074 fulcimenta,
791 993 909 1078 quibus
922 991 1159 1075 constabilitis,
1182 1019 1269 1062 nove

104 1146 105 1150 ,
168 1096 229 1157 illa
253 1092 294 1154 de
313 1092 518 1156 clandestino
531 1088 795 1156 Christianorum
813 1093 949 1163 foedere
973 1108 1007 1180 et
1024 1099 1267 1162 consociatione

170 1193 324 1280 opinio²)
347 1193 457 1256 denuo
480 1207 702 1273 sustentatur,
725 1188 900 1261 subtractis
918 1211 1031 1263 autem
1051 1203 1110 1263 vel
1130 1204 1268 1279 eversis,

168 1301 387 1360 labefactatur
402 1309 435 1359 et
449 1300 583 1361 corruit.
625 1295 743 1382 Itaque
758 1318 845 1359 nunc
859 1296 992 1382 quidem
1014 1321 1090 1364 eum
1111 1314 1268 1366 excutere

166 1403 279 1465 locum
297 1401 421 1484 placet,
445 1421 509 1484 quo
533 1399 748 1462 Kectncrus
769 1398 811 1462 de
831 1397 1015 1490 Lucieno
1038 1405 1204 1488 exposuit.

252 1606 328 1688 Qua
345 1603 439 1669 dere
448 1603 534 1667 ‘dum
550 1602 660 1668 dicere
675 1602 900 1687 aggredimur,
922 1604 1142 1671 vehementer
1161 1607 1264 1670 enimi

165 1707 366 1795 pendemus,
387 1708 507 1790 gratias
521 1708 594 1771 viro
610 1705 800 1772 doctissimo
817 1706 1005 1788 agamusfde
1019 1711 1083 1787 iis,
1107 1702 1192 1792 quae
1205 1712 1265 1770 in-

55 1889 59 1896 ,
140 1839 144 1842 ·
164 1813 257 1893 genii
268 1810 338 1872 acie
351 1809 493 1894 reperit,
516 1831 560 1871 an
576 1810 717 1892 repertis
739 1807 919 1872 doleamus.
962 1808 1060 1873 Adeo
1084 1810 1265 1872 enim'no-

162 1932 206 1973 ve
226 1911 266 1972 de
283 1909 470 1975 Lucieno
492 1915 628 1997 ejusque
649 1911 686 1971 in
702 1907 907 1972 Christianos
928 1911 1039 1972 animo
1054 1908 1210 1974 etstudio
1224 1911 1262 1973 in

101 2088 104 2095 ,
161 2012 312 2078 medium
326 2013 475 2099 protulit,
498 2023 552 2090 ut,
575 2013 605 2074 si
621 2032 701 2075 vere
716 2013 802 2088 sint,
825 2031 907 2094 quae
924 2010 1095 2091 disseruit,
1110 2016 1184 2091 jure
1201 2033 1263 2075 nos

161 2114 286 2202 pudeat
298 2117 486 2202 philologos
509 2115 545 2176 in
568 2112 768 2202 explicando
791 2113 1033 2200 judicandoque
1058 2114 1260 2205 facetissime
1295 2193 1297 2199 Α

161 2219 323 2301 scriptore
343 2215 482 2279 tamdiu
500 2215 704 2278 caecutiisse.
748 2213 833 2285 Nam
849 2236 947 2301 quem
962 2215 1068 2278 adhuc
1083 2215 1261 2277 exis'tim'a-

159 2319 277 2381 bemus
296 2321 468 2382 infensum
478 2320 582 2380 fuisse
598 2311 648 2378 rei
664 2314 889 2394 Christianae,
905 2314 1175 2402 Christianosque
1192 2337 1258 2378 una

160 2442 236 2482 curn
260 2422 410 2505 ipsorum
434 2419 592 2498 magistro
619 2417 703 2478 risui
722 2430 762 2476 ac*
777 2415 921 2478 ludibrio
944 2421 1155 2500 exposuisse,
1179 2439 1256 2483 eum

59 2524 63 2529 '
121 2541 135 2572 -’
158 2520 378 2583 chtneruc
394 2531 507 2582 censet
517 2517 553 2578 id
568 2511 673 2598 egisse
686 2507 814 2595 sedulo,
828 2527 866 2581 ut
882 2515 1055 2596 adjuvaret
1067 2536 1190 2582 novam
1205 2541 1255 2582 re-

130 2612 140 2648 ·’
155 2611 335 2704 ligionem,
358 2624 479 2685 factam
501 2618 688 2682 doctoribus
711 2616 874 2692 invidiam
897 2620 1080 2699 minueret,
1109 2634 1257 2684 sectato-

136 2750 140 2764 *
157 2743 298 2808 rumque
310 2723 561 2808 persuasionem
582 2721 739 2807 firmaret.
765 2719 852 2799 ·Ego
871 2740 968 2799 vero,
990 2721 1079 2806 quod
1094 2716 1173 2808 pace
1189 2722 1255 2785 viri

94 2832 96 2835 '
157 2823 339 2887 doctissimi
360 2823 520 2901 dixerim,
550 2822 731 2908 speciosius
750 2824 815 2884 iste
836 2844 935 2906 quarn
954 2824 1067 2888 verius
1089 2823 1255 2908 disputata

156 2934 286 2988 censeo.
313 2923 432 3004 *Quod
451 2926 516 3009 q'uo
530 2924 634 3006 magis
654 2906 831 3008 apphreat,
851 2925 1033 3006 faciemid‚
1057 2925 1145 3012 quod
1160 2927 1254 3008 ipsae

42 3051 45 3057 ’
153 3025 253 3106 hujus
272 3027 378 3090 libelli
398 3029 569 3107 angustiae
584 3027 770 3111 postulant,
792 3036 848 3104 ut,
873 3047 956 3110 quae
972 3028 1010 3088 in
1030 3027 1252 3111 disputatione

152 3128 188 3189 K
194 3132 334 3190 estneri
355 3126 504 3215 dispersa
524 3139 558 3188 et
581 3124 738 3210 dissipata
759 3140 856 3209 sunt,
882 3129 1071 3192 summatim
1096 3138 1252 3215 compre·-

72 3276 77 3287 .
151 3228 315 3309 bendum,
336 3230 389 3312 et,
411 3232 489 3316 quia
502 3221 673 3294 interdum
683 3229 825 3296 fluctuet
840 3233 911 3312 ejus
935 3231 1059 3309 oratio,
1082 3250 1122 3295 ee
1135 3233 1248 3311 verba,

204 3367 239 3378 .,
323 3370 355 3394 ι’

150 3400 377 3423 m,

186 3509 213 3576 r)
231 3509 291 3562 Jen.
312 3511 345 3561 A.
359 3508 392 3562 L.
404 3505 434 3561 Z.
445 3472 524 3577 v1819.
559 3461 614 3560 No.
628 3521 678 3560 ser
697 3533 731 3546 —
748 3517 809 3576 205.

157 3668 164 3675 ·
182 3647 211 3714 s)
229 3645 341 3699 Novam
355 3645 427 3714 dixi,
442 3605 506 3701 ¹nou
523 3644 650 3713 exemplo
669 3643 803 3706 illorum,
816 3643 886 3714 ¹qui,
910 3660 981 3715 quse
995 3655 1111 3716 petrum
1129 3659 1245 3698 meme-

20 3769 24 3779 ,
116 3757 117 3762 ¹
214 3716 462 3784 inscriptorum,
476 3712 855 3781 hodieignorerevirientur,
870 3714 1074 3784 sedquodeem
1089 3717 1245 3769 Kestne·

214 3801 275 3836 rus
294 3802 367 3836 nove
379 3792 406 3835 et
418 3784 549 3836 uberiore
570 3782 757 3851 explicatione
777 3799 880 3835 novam
893 3792 921 3835 et
940 3789 1019 3836 suem
1037 3783 1114 3835 fecit.
1145 3783 1189 3834 De
1203 3783 1254 3849 11--Ι

155 3872 158 3878 ’
213 3852 274 3904 bris
292 3854 506 3920 theologorum,
532 3852 582 3920 qui
601 3853 659 3903 huc
676 3851 832 3920 pertinent,
858 3853 1022 3921 supersedeo
1046 3852 1152 3905 dicere:
1169 3853 1244 3906 illud

169 3971 173 3980 ,
213 3921 334 3989 adjicere
346 3923 445 3986 liceat,
466 3920 544 3992 quod
556 3921 624 3988 ipsis
638 3920 758 3975 tortasse
770 3919 865 3974 thecle
887 3922 910 3973 is
926 3937 1031 3973 novum
1045 3921 1152 3974 accidet
1163 3954 1171 3980 ‚
1183 3924 1244 3990 pn·-

160 3994 162 4002 '
214 3991 319 4045 mariae
330 3990 626 4053 sententieeelemente
637 3989 857 4042 continerinotis
912 3988 1241 4043 ielrndiedLucie·

213 4077 235 4117 u
243 4078 259 4113 u
268 4075 313 4124 m,
325 4058 457 4145 iuprliiug
467 4059 580 4134 prolixe
592 4057 687 4134 illaad
695 4059 877 4133 Peregrinum
883 4059 1151 4140 Proteum,'l'e.111·
1160 4077 1189 4132 p.
1197 4061 1240 4115 62.
