2656 4620
151 323 265 389 oorru
347 334 425 387 to.
477 331 719 385 norru-
772 331 1084 380 ussurus

152 486 199 549 eis
216 483 353 549 hicnon
368 474 667 548 commemorandis
690 496 845 556 corrueret
866 474 1036 543 donecrir
1047 478 1102 542 hic
1126 475 1251 545 doctieae

152 586 257 651 simus
277 586 503 676 provinciam,
533 597 631 667 qoem
652 598 752 644 nemo
768 580 890 645 melios
904 570 980 664 ipso
999 598 1118 645 ornere
1132 592 1256 666 potest,

88 675 95 699 ²
153 688 273 753 nescio·
286 683 521 772 quibosrebtrs
537 682 732 759 commotus,
755 680 954 770 deponeret,
978 694 1016 746 et
1031 685 1155 746 bouum
1176 679 1254 745 Lo-

153 792 298 866 onr'on,
311 806 389 855 com
402 795 496 847 sexto
513 781 642 871 circiter
657 783 734 868 pure
748 782 841 845 iilius
856 786 1025 868 praeclare
1041 786 1081 847 sb
1098 783 1172 868 ipso
1190 803 1256 845 cu·-

28 956 45 975 )
151 902 223 956 rete
236 898 344 965 esset,
366 902 443 949 euos
465 884 531 949 sibi
545 902 598 947 res
617 882 742 947 hebere
761 886 903 964 juberet.
947 880 1011 948 iiic
1026 889 1118 950 enim
1130 883 1174 948 ed
1187 905 1253 963 me,

97 1034 100 1039 ι
150 1003 302 1054 veterem
317 976 474 1050 sodalem
496 1005 594 1050 suurn
609 984 781 1081 confugit,
804 997 853 1064 et,
886 988 916 1051 si
940 1009 1009 1051 non
1032 984 1139 1066 eliud,
1163 996 1253 1050 'certe

82 1072 105 1122 2
150 1089 273 1157 Latine
301 1089 415 1176 paullo
441 1082 647 1161 commodius
677 1083 903 1174 disertiueque
927 1089 1035 1174 loqui
1043 1102 1079 1151 se
1098 1088 1253 1152 docerem

150 1192 291 1277 rogavit,
314 1202 349 1254 et
361 1187 572 1274 impetravit
595 1197 756 1270 quantum
770 1207 831 1273 per
845 1190 927 1269 niro
949 1191 1101 1279 inprimis
1116 1207 1175 1275 per
1190 1214 1253 1253 cu-

149 1295 316 1360 tutionem
338 1288 505 1356 Thesauri
527 1286 679 1368 Linguae
698 1286 858 1369 Latinae,
886 1289 993 1357 licuit·
1050 1290 1253 1371 Quintilianus

150 1395 242 1459 enim
256 1405 291 1458 et
297 1390 413 1456 Plinius
425 1394 529 1474 junior
540 1382 608 1455 non
621 1389 765 1457 mortum
777 1394 937 1479 temporis
952 1392 1017 1456 eibi
1032 1391 1254 1473 vindicarunt,

147 1493 465 1581 interpretationem
479 1492 582 1572 igitur
595 1492 696 1578 plnn'e
710 1486 843 1568 norim,
866 1491 955 1578 quod
967 1491 1025 1558 din
1043 1506 1094 1560 est
1105 1518 1179 1560 eum
1193 1520 1252 1582 op-

31 1630 33 1635 ·
148 1609 263 1662 ternut
278 1593 401 1661 eruditi
417 1592 581 1671 immines,
598 1591 731 1655 condidi
747 1614 766 1655 e
781 1596 897 1658 libello
909 1595 989 1660 inde
1004 1595 1047 1660 de
1061 1591 1254 1662 sacrificiis:

146 1697 284 1777 Eorum,
309 1716 395 1781 quae
406 1690 627 1778 praecedunt,
649 1695 843 1760 tersionem
863 1696 1073 1778 emendetit,
1095 1710 1188 1782 puto,
1212 1703 1252 1766 cl.

146 1795 477 1862 liemsterhueiu
490 1814 515 1856 e.
558 1792 661 1877 Burro
680 1794 716 1857 in
730 1797 1068 1880 interpreteodo'enni
1084 1801 1251 1865 rationem

143 1902 261 1978 teoni,
295 1911 334 1967 ot
359 1920 403 1962 ex
426 1895 553 1962 Graeco
575 1897 761 1982 exemplari
791 1893 1005 1980 Hegenois'nei
1032 1904 1250 1967 transferrem

42 2070 44 2075 ,
147 2001 277 2081 omnis,
298 2022 366 2064 non
387 2001 538 2084 inspecto
553 1994 648 2084 prius
661 1999 727 2061 elie
741 1998 1038 2098 interpretatione,
1060 2014 1250 2094 quamtum

120 2148 129 2159 „
146 2102 283 2170 demum
295 2101 455 2166 adhibere
473 2101 634 2177 solebam,
649 2098 709 2163 ubi
724 2100 892 2185 sliquid'
863 2122 948 2167 circs
962 2103 1141 2167 lectionem
1156 2103 1250 2178 dubi

144 2205 284 2270 tutionis
295 2205 530 2282 offerretur,ut
544 2219 643 2288 quem
657 2212 790 2265 secutus
804 2215 894 2268 esset
907 2202 1057 2295 superior
1067 2207 1249 2305 interpres

144 2309 267 2371 liberet
284 2304 468 2391 exquirere
498 2294 613 2384 Igitur
628 2321 697 2363 non
718 2303 825 2366 habeo
839 2304 967 2382 dicere,
982 2317 1153 2388 quotenne
1169 2332 1247 2375 mee

79 2454 82 2458 -
144 2406 377 2491 interpretatio
389 2406 446 2466 vei
462 2401 641 2464 conveniet
652 2421 727 2463 cum
742 2405 888 2482 vulgato,
911 2402 1040 2484 (idest,
1063 2427 1123 2485 es,
1146 2432 1247 2494 quem

143 2503 323 2581 Bcnedictus
339 2501 549 2566 emendatam
562 2523 581 2563 s
596 2521 632 2564 se
642 2514 680 2565 et
690 2503 929 2587 interpolatum
944 2500 1047 2584 dedit,
1069 2527 1088 2571 e
1105 2506 1249 2576 dirersis

134 2608 334 2671 ⁴tractoribus
357 2606 535 2688 scriptum)
566 2605 682 2684 veleb
702 2623 742 2668 ee
761 2603 943 2690 discrepet,
972 2608 1093 2671 melior
1111 2609 1169 2674 illo
1192 2614 1248 2695 sit,

142 2732 188 2773 on
206 2708 362 2775 deterior.
405 2703 476 2768 Hoc
490 2717 620 2768 tantum
634 2706 714 2786 ecio,
735 2726 812 2769 cnm
826 2708 959 2784 juvenis
974 2719 1149 2776 tractarem
1170 2711 1249 2778 Lo-

80 2801 81 2805 *
142 2816 297 2890 cirson,
328 2809 497 2872 sexcentis
514 2807 598 2870 locis
618 2821 673 2870 me
694 2808 860 2871 offensum
873 2810 1025 2892 vulgate,
1048 2830 1148 2897 quom
1165 2812 1247 2892 dixi,

141 2911 439 2994 interpretatione,
469 2913 680 2989 etiamtum
701 2930 851 2995 sperasse
874 2915 996 2977 melius
1018 2913 1144 3005 aliquid
1159 2935 1177 2976 e
1190 2935 1246 2978 me

140 3033 241 3100 porse
259 3012 352 3076 deri:
379 3030 464 3098 quoe
485 3031 561 3096 spes
588 3028 711 3100 neme
739 3008 889 3090 tolieret,
919 3015 1068 3080 studiose
1089 3012 1246 3100 equidem

93 3142 97 3149 ·
143 3115 331 3181 elaboravit
360 3125 395 3176 et
415 3111 499 3176 iilud
521 3113 611 3175 inter
634 3114 698 3176 elio
725 3109 803 3178 dedi
822 3136 973 3199 operam,
1000 3121 1246 3202 ut,'quontu1u

142 3219 215 3295 ejus
230 3237 292 3297 per
306 3218 480 3300 utriusque
495 3215 629 3294 linguae
641 3213 789 3279 rationes
801 3217 933 3297 liceret,
956 3236 1024 3280 non
1038 3218 1244 3284 discederem

142 3316 384 3397 asingulorum
399 3320 578 3379 verborum
598 3308 859 3397 significatione,
889 3323 1012 3385 neceb
1029 3320 1146 3383 ordine
1161 3336 1245 3384 ver-

139 3416 279 3497 borum,
300 3430 334 3482 et
348 3421 454 3498 figure
470 3407 645 3498 dictionis3
664 3417 726 3483 sed
740 3419 852 3504 ipsum
867 3438 998 3505 quoque
1015 3418 1245 3500 genuedicen·

133 3517 192 3599 oi,
214 3538 374 3604 eumque,
397 3539 498 3604 quem
513 3521 701 3583 charactere
715 3533 853 3598 vocent,
883 3521 1124 3608 exprimeremr
1155 3521 1243 3608 quod

95 3666 97 3673 .
138 3620 207 3684 iilis
230 3620 408 3703 praecipue
431 3616 526 3682 locis
542 3619 781 3688 difficultatem
791 3622 927 3702 hebuit,
962 3624 1021 3686 ubi
1050 3637 1243 3708 corruptum

124 3741 329 3785 sermonem
342 3717 481 3784 ridendo
495 3723 656 3802 imitetur,
669 3732 703 3785 et
718 3722 880 3786 imitando
894 3722 1072 3824 ridiculorq
1087 3728 1168 3789 iecit
1186 3747 1243 3789 eo

140 3833 219 3885 otor.
262 3819 405 3907 iniquos
423 3820 501 3903 erio
520 3821 640 3904 fuerit,
663 3819 693 3888 si
709 3827 783 3911 quis
797 3827 920 3890 talibus
940 3826 1024 3888 locie
1038 3823 1240 3904 offendetur,
1260 3862 1262 3865 .

141 3923 297 3989 nutritio
311 3919 457 4002 adcuset,
480 3926 665 4010 quueultro
676 3924 930 4006 ediectnrimus,
954 3928 1004 3990 nti
1018 3925 1137 3990 similis
1153 3939 1243 3991 esset

107 4115 114 4125 ι
143 4025 311 4094 Lucum
324 4036 438 4093 nectes
453 4028 572 4109 oratio.¹
613 4024 1104 4119 numerusnumerous
1116 4029 1241 4097 cretio

1090 4315 1256 4407 ‚qq
