2640 4680
126 356 259 431 xttrrr,
383 320 456 404 uu
517 326 813 422 n'ara‘ca,
868 319 1035 407 arua

126 509 236 601 Ipsina
258 516 372 586 tamen
389 497 551 563 historiae
572 509 687 562 textua
708 497 791 564 adeo
806 512 914 593 certus
939 519 1038 594 atque
1056 509 1096 573 in
1109 491 1204 593 vulga

128 627 227 681 notus
247 615 334 683 erat,
363 613 400 665 ut
423 601 586 689 auspicari
603 623 674 667 narr
693 603 809 685 liceat,
839 601 1018 674 veritatem
1032 615 1074 676 ah
1092 633 1134 676 eo
1155 633 1206 677 era

126 715 356 782 adulteratam.
769 715 775 726 “

43 886 51 901 ·
163 828 168 837 ⁵
209 857 368 944 Ejusdem
384 856 484 925 Tomi
507 881 539 946 p.
557 865 630 928 724.
654 860 864 924 Tillemonrius
885 862 1049 951 quaedam
1071 864 1113 930 tie
1128 864 1206 933 Luni

123 968 267 1035 'Patrensi
287 967 407 1043 refert,
430 963 489 1047 qui
510 974 624 1025 auctor
644 966 751 1028 fertur
770 964 902 1047 Dialogi
923 962 964 1028 de
986 970 1206 1033 mutationeir

25 1098 42 1133 .·
88 1090 91 1099 ’
125 1073 276 1146 atinum,
300 1087 343 1129 ex
364 1065 718 1152 quoLuciannra'eque
738 1067 1009 1152 atqueApulejus
1031 1090 1125 1135 auam
1138 1074 1206 1137 hru-

118 1176 233 1242 'eerint
253 1156 543 1234 uairatiunculam.
589 1163 675 1248 [Sed
696 1188 771 1232 cum
794 1190 837 1230 ex
858 1171 961 1230 Vosnii
974 1172 1062 1236 Ilisr.
1078 1170 1132 1236 Gr'.
1146 1175 1206 1255 haer

125 1287 258 1342 tantum
280 1269 425 1350 adierat,
453 1271 647 1356 Somnusque
667 1280 701 1330 et
730 1267 871 1330 Gesnerns
895 1269 933 1333 in
955 1274 1044 1336 notis
1065 1273 1107 1335 ad
1127 1278 1206 1366 istun

126 1375 216 1445 Diol'.
230 1395 299 1460 cap.
317 1381 345 1440 1.
368 1376 431 1436 hoc
448 1374 618 1458 aliquanto
641 1369 792 1453 pluribus
800 1369 968 1452 dixerint,
982 1374 1100 1448 ¹isthoc
1121 1378 1206 1458 mitto,

19 1488 47 1547 ’,
131 1476 252 1543 Gesturi
273 1477 459 1540 sententiae
488 1477 623 1538 interim
651 1473 787 1536 omuino
816 1471 1032 1554 adsentiens,
1054 1474 1206 1540 Lucinam

127 1576 192 1648 iata
213 1579 402 1665 scripsisse,
425 1576 520 1641 stilus
537 1577 626 1639 enim
648 1587 682 1639 et
697 1576 870 1656 ingenium
888 1576 987 1661 plane
1008 1578 1206 1665 respondent:

129 1680 191 1748 aed
206 1681 374 1745 fictionem
396 1681 510 1742 soram
531 1698 574 1738 ex
594 1679 698 1741 altero
714 1679 883 1752 transisse,
906 1675 1041 1745 iusartia
1054 1682 1122 1744 euin
1135 1684 1206 1763 jacit,

130 1784 250 1873 quibua
266 1778 505 1857 absurditatem
521 1779 672 1858 fabulae,
695 1792 729 1842 et
745 1778 920 1841 hominum
939 1789 1052 1865 turpes
1066 1766 1206 1848 moreau

129 1885 401 1975 superstitionem
422 1879 605 1959 derideret3
636 1879 714 1942 licet
734 1879 857 1945 idcirco
876 1877 1038 1945 lascivum
1059 1885 1123 1948 hoc
1142 1886 1206 1949 acri-

128 1978 348 2071 banu'genur
365 1980 505 2049 minime
518 1983 687 2068 probem]
754 2031 760 2037 .

215 2138 414 2207 Btoanarrrr
430 2135 553 2203 caeteri
571 2137 631 2200 vix
645 2131 823 2222 quidquam
846 2134 888 2199 de
900 2127 1047 2201 ‘Iunciano
1063 2136 1206 2220 singulart

129 2242 303 2325 adierunt,
325 2240 382 2305 aed
400 2238 529 2302 Suiriom
544 2242 615 2304 fere
637 2239 964 2326 solumaequuntur,
987 2239 1043 2304 vei
1056 2238 1206 2302 Bourdelo

129 2354 223 2425 tium,
247 2366 344 2428 aquo
363 2345 446 2405 circa
469 2343 534 2405 iter
549 2339 684 2403 Luciani
705 2352 819 2404 tamen
840 2342 1046 2427 aliquantum
1068 2339 1206 2430 discrepo*

130 2448 160 2517 J.
178 2446 209 2512 0.
231 2445 357 2508 inclinus
380 2446 416 2504 in
433 2440 561 2505 Laxico
584 2439 765 2504 universali
786 2439 952 2506 Historica
966 2483 989 2495 -
1004 2442 1206 2530 Geographicr

129 2550 214 2616 haec
230 2550 398 2621 refererrs3
423 2562 506 2626 quae
521 2539 643 2605 addere
665 2542 776 2606 visum
800 2547 883 2624 fuit,
905 2549 983 2632 quia
1009 2569 1127 2632 corpus
1146 2544 1206 2610 illut‘

131 2649 329 2717 Germanice
351 2644 572 2730 conscriptum
588 2663 770 2730 paucorum
793 2640 1006 2713 inmanibus
1025 2662 1095 2713 estc
1118 2648 1206 2714 Initio

131 2757 200 2831 nit,
225 2747 427 2814 causaidicua
443 2739 586 2809 eradere
604 2744 746 2824 atuduit3
770 2746 830 2811 aad
845 2772 917 2814 cum
931 2751 1013 2814 lites*
1023 2755 1172 2818 forenses
1192 2771 1206 2814 e

121 2851 363 2939 displicerent,
393 2847 626 2935 philosophiae
651 2867 688 2909 ac
709 2851 886 2934 praecipue
909 2854 1075 2917 oratoriae
1095 2846 1206 2942 operar

83 3026 86 3031 ¹
130 2953 240 3032 dedin-
261 2960 400 3036 tumq'ue
423 2953 530 3036 primo
547 2949 762 3031 Antiochiam
785 2955 971 3019 habitatum
990 2959 1168 3038 concessit,
1186 2975 1206 3018 a

129 3053 253 3120 deinde
281 3040 413 3117 Ionin'm
442 3063 613 3138 totamque
643 3049 814 3119 Graeciam
838 3059 1041 3142 peragravit,
1073 3057 1161 3123 undo
1186 3056 1206 3120 ir

129 3155 274 3222 Galliam
289 3168 388 3242 atque
407 3152 592 3219 Italiamne
610 3154 764 3235 contulit,
788 3176 825 3220 nc
844 3155 980 3220 tandem
996 3161 1057 3242 per·
1070 3155 1206 3223 illaceda

37 3270 39 3275 “
113 3258 221 3327 niam
242 3258 278 3323 in
298 3253 571 3344 patriam'rerliit.
615 3256 669 3321 iix
690 3236 890 3322 nonuuiloru
950 3261 1113 3325 relatione
1125 3264 1206 3326 vitat

126 3361 171 3442 ati
185 3369 227 3431 90
241 3380 346 3425 aanor
365 3357 540 3444 produxit,
564 3358 690 3423 scilicet
709 3380 727 3421 a
751 3278 1206 3446 ternporelimperatortslra

36 3495 40 3502 ·
112 3465 221 3544 jani,
247 3465 334 3526 ultra
353 3461 456 3524 finam
478 3460 612 3546 imperii
633 3458 678 3524 tl.
698 3458 847 3538 Aurelii,
881 3463 1031 3547 subque
1056 3460 1206 3544 magnai

78 3548 80 3554 ⁵
126 3567 291 3648 dignitate
320 3562 427 3653 vixit,
455 3567 708 3649 prael'ectuaqae
736 3558 975 3644 imperatorius
1005 3563 1152 3647 Aegypti
1174 3556 1206 3624 er

127 3670 340 3732 constitutus.
385 3662 462 3729 Fuit
478 3662 612 3751 quidem
633 3662 754 3728 summi
777 3661 829 3728 uir
849 3663 978 3744 ingenii
999 3675 1098 3747 atque
1119 3660 1206 3757 eluti

44 3768 47 3777 '
125 3768 248 3846 tionis,
276 3764 336 3828 aad
358 3765 442 3828 nulii
461 3765 616 3847 religioni
640 3763 807 3844 addictur,
830 3784 867 3826 ac
893 3783 1006 3830 acurra
1023 3761 1099 3827 chr·
1179 3746 1187 3765 ’

124 3867 356 3953 Ethnicaeque
378 3865 556 3931 doctrinae.
608 3866 726 3932 Fertur
751 3760 1206 4028 ww

63 4022 66 4027 .
126 3975 316 4057 professus,
339 3980 373 4033 et
390 3978 525 4054 propter
538 3966 733 4034 dilaniatam
747 3966 783 4033 vi

17 4137 40 4180 .
124 4074 227 4140 ritae.
273 4070 386 4135 Satan
401 4090 419 4137 a
434 4070 568 4137 canitur
584 4066 672 4137 tilica
708 4077 772 4112 Μ’·
