2640 4680
100 352 300 410 'untur
419 346 503 398 'on
557 345 857 460 aurern,
898 340 1077 399 vrrs

41 509 46 519 '
147 559 148 562 ,
182 464 391 577 deformitas,
414 497 568 577 rixarum
592 493 634 558 de
658 480 756 591 rebus
774 495 943 560 naucivel
967 494 1105 559 incertis
1128 499 1282 595 stultitia,

181 592 372 684 similiaque
387 599 467 662 satis
481 598 741 714 impugnantur,
757 596 828 658 sola
843 616 958 660 earum
973 580 1191 661 deformitate
1201 622 1286 684 pro-

50 710 80 733 ”
180 707 319 793 positar
334 702 382 764 ita
397 711 509 761 tamen
524 718 732 788 impurorum
755 717 905 772 amorum
926 695 1112 785 turpitudo
1125 720 1193 761 non
1220 720 1286 764 eo

181 808 258 871 dem
272 801 372 867 modo
389 821 425 862 se
443 802 516 863 erui
529 821 573 863 ex
584 804 748 879 juvenum
764 797 883 861 animis
896 799 1032 882 patitur,
1048 797 1285 866 nuda'illorum

179 888 535 988 imagineproposita',
549 906 654 986 eaque
667 897 868 978 revelando,
891 920 975 986 quae
991 909 1108 963 natura
1121 905 1194 986 ipsa
1216 916 1287 987 tegi

180 1007 330 1087 flagitat3
351 1006 432 1088 quin
440 1004 466 1064 ii
474 1004 521 1065 sic
537 1001 763 1093 incendantur
772 996 910 1088 potius:
927 998 994 1062 Sed
1007 1010 1043 1063 et
1056 1015 1172 1084 postea
1185 1003 1284 1068 dete·-

182 1127 274 1192 gens,
298 1126 365 1167 non
380 1123 456 1168 esse
472 1105 511 1165 ab
523 1103 635 1180 Nostro
648 1109 835 1209 profectum
854 1101 1028 1182 dialogum
1046 1102 1144 1177 illum
1165 1107 1285 1192 impu-

178 1210 302 1271 riorem
320 1205 492 1279 Amorum,
502 1207 690 1297 scriptaque
708 1195 837 1269 caetera
860 1196 1053 1285 diligentius
1069 1202 1284 1290 pertractans,

180 1309 359 1387 benignius
374 1304 416 1368 de
434 1318 572 1393 auctore
582 1298 786 1372 existimare
792 1298 910 1387 didici3
932 1307 986 1368 cui
1001 1317 1112 1394 temen
1132 1320 1167 1401 et
1179 1311 1284 1394 pessi·

102 1420 104 1431 '
179 1432 273 1476 mum
297 1411 394 1472 illum
414 1388 500 1472 Dial.
527 1400 733 1472 Mererac'tuin
756 1410 799 1475 V
822 1391 1025 1490 abjudicare
1030 1426 1129 1492 posse
1149 1411 1285 1505 vellem,

178 1515 218 1578 in
234 1515 326 1591 cujus
341 1512 409 1572 fine
424 1509 568 1595 aliquam
586 1510 721 1602 quidem
733 1508 874 1598 pudoris
886 1506 939 1572 sui
953 1498 1188 1574 conscientiam
1203 1531 1286 1594 pro

74 1644 77 1655 ·
182 1611 251 1707 dit,
273 1614 396 1679 nimius
413 1625 528 1677 tamen
544 1614 638 1676 furt
624 1635 698 1700 rpse
711 1635 779 1694 Jam
798 1610 1036 1732 turpiculusru
1052 1609 1123 1688 ejus
1144 1611 1283 1696 pictura,

180 1710 282 1800 quain
297 1713 519 1800 longemagis
524 1712 687 1794 odiosam,
697 1715 829 1795 omissis
843 1711 1135 1790 obscoenitatibus,
1149 1715 1287 1794 potuis«

181 1824 234 1879 set
241 1834 439 1902 proponere,
453 1808 507 1878 si
491 1836 571 1880 tere
586 1818 626 1880 ab
643 1816 851 1902 turpitudine
866 1804 1111 1877 abhorruisset:
1133 1810 1193 1877 sed
1208 1830 1283 1874 cum

181 1917 345 1980 naturalia
354 1936 422 1977 non
437 1916 725 2002 esseturpiamale
735 1906 956 2002 comperditis
971 1912 1143 1998 Epicureis
1158 1913 1284 1976 sentire

181 2015 324 2104 videtur,
332 2019 510 2081 licentius
499 2041 537 2081 ιιι
549 2018 604 2081 his
613 2019 679 2083 sibi
689 2012 841 2099 indulsit,
851 2039 964 2103 qur,
898 2016 1007 2079 licet
1017 2015 1103 2078 nulli
1111 2024 1220 2077 sectae
1230 2008 1287 2076 ad·

125 2118 139 2213 ι’
183 2114 290 2182 dictus
303 2120 417 2196 luent
440 2118 584 2205 Epicuro
599 2133 714 2184 tamen
727 2140 807 2206 prae
824 2119 899 2211 aliis
916 2098 1063 2196 fauebat,
1089 2118 1181 2194 cujus
1198 2138 1283 2180 con-

180 2221 361 2286 tinentiam
376 2222 589 2308 virtutesque¹
600 2208 735 2287 amavit.
758 2219 844 2308 (loca
855 2212 1028 2286 exIndice
1040 2216 1111 2303 petr
1119 2222 1283 2301 possunt)

167 2354 172 2362 ¹
260 2372 377 2441 Amor
392 2383 506 2438 autem
523 2377 597 2452 ejus
610 2373 648 2435 in
654 2393 768 2441 veros
773 2372 992 2461 philosophos
1013 2382 1071 2456 pat
1056 2382 1107 2443 tet
1120 2387 1164 2431 ex
1180 2368 1285 2452 pluri

181 2450 243 2543 bus
263 2476 365 2553 Iocis,
396 2495 496 2558 seque
517 2476 716 2560 impostores
737 2485 868 2536 tautum
881 2471 1078 2551 traducere,
1096 2446 1241 2532 diaflte
1237 2469 1286 2532 ait

50 2599 74 2606 ¹*
180 2578 263 2640 Piso.
290 2599 316 2638 c.
346 2579 396 2643 15
420 2597 457 2639 ac
478 2574 612 2640 virtutis
628 2586 811 2639 amatorem
827 2595 865 2641 se
878 2576 1063 2661 profitetur
1106 2568 1187 2634 Vid.
1210 2570 1282 2637 Vit,

180 2677 421 2759 Demonacte
450 2683 482 2747 2.
519 2679 548 2737 f
580 2684 692 2745 et8
715 2677 774 2740 ubi
800 2676 842 2740 ad
865 2676 1027 2743 uirtutem
1055 2685 1091 2737 et
1119 2675 1284 2737 bonorum

182 2780 416 2863 exemplorum
444 2776 666 2842 mutationem
692 2778 855 2843 hortatur.
917 2775 1017 2842 Adde
1048 2785 1083 2838 et
1112 2775 1283 2856 Nigrinum,

180 2880 329 2964 aliaque
337 2878 392 2959 hic
416 2901 484 2942 uon
507 2879 700 2965 repetenda.
753 2880 823 2944 Sed
845 2891 880 2943 et
902 2879 1075 2957 sinceritas
1097 2881 1169 2956 ejus
1188 2889 1284 2963 patet

181 2979 227 3047 ex'
244 2983 437 3049 testimonio
452 2980 603 3066 pessimo·
614 2985 655 3060 ab
672 2979 868 3048 Alexandro
882 2979 1125 3048 Pseudomaute
1146 2980 1184 3043 iu
1204 2970 1281 3043 Lu-

179 3082 300 3144 ciarum
316 3084 593 3165 pronuntiato,c.
613 3082 787 3162 ejusDial.
808 3088 860 3154 54.
984 3086 988 3093 '

289 3183 514 3267 Noctivngo
529 3183 641 3266 gaudet
655 3188 743 3264 coitu,
767 3190 934 3275 incertoque
949 3183 1063 3250 cubili

179 3280 271 3366 quod
292 3284 446 3361 omittere
466 3289 649 3370 potuisset.
680 3301 714 3352 at
725 3284 877 3384 proferre
891 3311 960 3353 uon
973 3300 1125 3367 veretur,
1147 3287 1225 3373 quia
1236 3309 1280 3353 eo

97 3417 100 3423 ·
179 3409 250 3452 non
266 3392 479 3471 tangebatur,
500 3410 561 3454 nec
579 3392 689 3454 verbra
703 3393 835 3470 resciae
852 3413 930 3476 quia
942 3410 1015 3476 rpsa
1029 3387 1143 3456 vrtard
1157 3395 1284 3462 refutaa

179 3489 246 3587 bei«
270 3486 357 3555 Turn
367 3502 401 3553 et
414 3493 572 3555 honestas
586 3492 768 3576 Lucianipo
766 3503 820 3554 tet
834 3513 876 3554 ex
885 3495 1019 3578 eoipso,
1029 3488 1277 3580 quodcaussidi

180 3611 293 3656 corum
279 3613 435 3698 gregem
447 3594 619 3680 reliquerit
635 3597 677 3657 ob
691 3591 825 3660 fraudes
836 3607 870 3658 et
879 3594 1062 3677 mendacia,
1070 3596 1198 3662 Remo
1183 3623 1210 3661 c.
1222 3600 1275 3666 29.

262 3739 488 3807 Christianum
505 3744 674 3832 quondam
687 3747 793 3810 fuisse
814 3747 953 3811 minime
978 3760 1120 3863 exputo·
1149 3753 1272 3815 melius

176 3841 268 3908 enim
281 3848 398 3906 ιιόιιιιιι
412 3843 564 3925 dogmata
577 3847 740 3925 sciuisset,
754 3866 815 3910 uec
824 3845 844 3909 J
846 3834 1065 3911 udaeorum
1038 3860 1120 3912 ntus
1134 3869 1207 3913 cum
1216 3854 1276 3915 ho

174 3964 249 4007 rum
265 3944 479 4026 confudisset,
486 3960 524 4011 ut
539 3951 598 4032 qui
610 3948 679 4010 illis
687 3947 875 4027 sacerdotes
889 3952 923 4011 et
938 3949 1061 4031 scribas
1069 3948 1274 4018 iudaeorum

70 4037 72 4044 ’
152 4044 471 4148 ιιιιιιιιιριιΡειιςι.
488 4072 516 4113 c.
535 4049 584 4116 11.
600 4051 764 4115 scribensz
783 4051 1210 4139 Xptoucroia-roic'irpaicc
1223 4057 1276 4120 ιιιιι
