2640 4680
422 320 852 371 PRAEFATIO.
1065 335 1183 415 (ἔχη,

79 472 163 538 tium
171 490 259 538 nero
278 468 385 538 ibid.
409 470 504 534 ιιιιιιοΙ
521 473 616 541 1668.
631 490 703 562 ap.¹
719 465 901 549 Henricum
928 454 1023 541 Petri
1057 478 1182 553 editam

79 573 418 652 Graeco-Latinam,
441 562 518 636 cum
532 586 615 638 nott
631 570 759 654 Cognati
772 583 808 636 et
823 562 968 637 sambuci
983 583 1090 651 serius
1104 606 1180 648 nan.
1291 577 1296 587 '

78 689 134 740 tus
147 699 237 755 snm,
260 675 413 764 quarunt
425 696 465 737 ea
478 673 629 753 adjuvari
642 676 829 757 potuerim3
851 696 913 739 nee
930 680 1074 746 multum
1094 706 1179 769 opus
1284 683 1287 687 ’

79 795 161 846 erat.
208 779 336 862 Cognati
349 781 440 840 enim
453 795 503 876 ¹ex
516 773 665 839 Parisino
680 775 902 858 inseruimus,
925 790 960 840 et
971 776 1016 843 'ln
1034 783 1180 850 Sambm

78 883 261 970 puerilibus
274 882 364 945 notis
377 896 544 978 perpauca
556 889 689 940 tuntum
701 878 791 977 lectu
802 876 1082 958 dignationem,
1139 976 1142 981 Ι

160 1121 338 1187 Praete'r'ea
357 1112 570 1191 adhibuimus
591 1106 963 1233 Franco'lurta'nam
984 1116 1175 1199 enni1546,

76 1245 168 1288 mere
185 1240 315 1310 quoque
330 1215 506 1306 Graecam,
523 1214 673 1293 dnobus
661 1239 702 1277 ιιι
699 1219 817 1280 forma
830 1218 959 1283 minore
974 1227 1089 1305 tomis
1090 1251 1177 1295 com.

73 1328 293 1414 prehensam,
314 1342 375 1383 nec
391 1319 484 1382 vitiis
502 1317 753 1405 typographicis
767 1316 981 1400 destitutam,
1000 1344 1062 1392 nec
1080 1333 1176 1411 mult

73 1439 145 1489 tum
157 1423 376 1505 singularium
388 1423 572 1486 lectionum
593 1418 828 1500 exhibentem,
851 1410 1046 1488 nontamen
1061 1427 1126 1492 ud
1114 1453 1176 1527 ιιι

75 1529 228 1590 stitutum
261 1533 410 1588 nostrum
435 1525 535 1610 plane
563 1516 759 1602 inutilem,
777 1533 816 1585 ut
840 1543 885 1588 ex
905 1510 1121 1609 indicatis
1085 1552 1172 1599 verr.
1224 1528 1230 1549 ⁸

10 1638 12 1643 ’
72 1632 163 1694 lectt.
186 1624 334 1713 adparet
420 1651 423 1658 ·

133 1863 245 1945 Tum
258 1887 327 1929 non
339 1865 548 1947 negleximus
562 1860 744 1939 Salmtr'
710 1885 893 1931 riensem
908 1865 1064 1933 Benedicti
1071 1869 1172 1940 Grae.

74 1991 144 2034 co·
120 1966 307 2032 -Latinam
328 1969 480 2032 omnibus
496 1979 626 2044 notam,
649 1958 806 2030 duobu's
795 1989 831 2031 ιιι
847 1983 966 2034 octavo
991 1974 1091 2036 tomis
1109 1997 1173 2040 eo-

72 2069 151 2134 dem
166 2089 253 2132 anno
277 2076 367 2138 1619
380 2090 445 2154 quo
459 2065 653 2131 Basiliensis
672 2080 804 2152 quarta,
826 2089 992 2136 excusem
1036 2073 1089 2139 De
1109 2079 1171 2143 hae

72 2170 293 2236 salmuriensi
305 2170 482 2234 Benedictus
493 2171 532 2231 in
545 2171 753 2254 praefatione
767 2167 933 2249 adfirmat,
957 2192 993 2235 se
1008 2171 1170 2245 Graecum

72 2272 263 2336 contextum
279 2276 396 2337 vel-ex
416 2264 592 2336 collatione
614 2264 785 2335 veriorum
797 2264 832 2336 et
846 2270 1059 2360 antiquorum
1074 2278 1171 2345 codi-

74 2395 165 2451 cum,
186 2375 243 2435 vel
259 2395 303 2439 ex
315 2375 447 2459 proprio
461 2372 584 2454 judicio
602 2370 807 2449 emendpsse.
851 2374 894 2466 Et
909 2378 1061 2461 quamvis
1079 2365 1172 2443 mal-

70 2477 138 2539 lem
151 2473 341 2555 indicasset,
356 2478 413 2538 ubi
428 2473 529 2538 codd.
547 2473 694 2554 ducibus,
710 2462 768 2538 ubi
780 2476 851 2566 solo
866 2475 992 2563 jndicio
1003 2499 1082 2543 usus
1096 2485 1171 2548 ine.
1192 2503 1195 2511 ’

70 2579 130 2655 rit,
142 2597 270 2640 ,verum
283 2588 396 2663 tamen
414 2598 487 2640 esee
504 2575 720 2663 deprehendi,
743 2579 1022 2662 nonnullap'robe
1037 2584 1077 2644 ab
1093 2583 1170 2669 ipse

73 2677 272 2765 emendata,
288 2700 372 2763 quae
387 2693 421 2743 et
436 2681 521 2743 mihi
535 2685 629 2743 suere
642 2674 820 2754 imitanda,
836 2689 874 2740 ut
886 2680 955 2740 suis
964 2670 1050 2744 'locis
1061 2682 1099 2746 in
1110 2705 1171 2749 no.

69 2782 113 2844 tis
126 2779 337 2845 indicabitur.
380 2781 415 2843 A
428 2782 521 2845 vitiis
539 2793 626 2844 certe
640 2779 855 2862 typotheticis
879 2781 925 2842 ita
942 2801 1037 2845 suam
1051 2804 1170 2867 purga.
1234 2784 1237 2789 ’

67 2883 118 2946 eit
134 2879 317 2945 editionem
331 2878 518 2962 Benedictus,
539 2896 578 2946 ut
593 2879 736 2968 plurima
750 2882 961 2962 antIquorunr
974 2895 1082 2946 errata
1098 2898 1170 2950 sus.

68 2984 200 3059 tulerit3
224 2983 301 3045 licet
322 2981 365 3075 ad
374 3004 488 3054 ueram
502 2983 682 3045 lectionem
703 3000 748 3053 ex
759 2977 838 3062 Mes.
852 2981 1094 3051 restituendam
1105 2989 1172 3054 lni-

69 3106 131 3148 nus
148 3104 269 3168 operae
284 3084 369 3148 mihi
388 3081 543 3149 videatur
559 3080 775 3170 impendisse.
850 3150 852 3155 ¹

154 3325 337 3386 Puriciccm
354 3321 497 3410 deniqne
520 3317 708 3382 Bourdelorii
735 3316 892 3385 Graeco·
906 3314 1079 3403 Latinam,
1110 3346 1169 3390 an-

71 3425 106 3489 ni
120 3430 213 3494 1615.
236 3429 359 3502 forma,
383 3446 480 3509 quern
502 3421 636 3487 infolio
657 3418 812 3498 dicimus,
828 3432 879 3499 et-
892 3421 1011 3507 inqua
1038 3425 1170 3491 Solanon

70 3531 229 3591 nonnulla
245 3525 454 3604 emendarat,
478 3543 617 3608 suasque
629 3523 910 3606 paragraphorum
932 3522 1005 3586 sive
1023 3518 1169 3609 capitum

69 3630 249 3693 divisiones
263 3626 445 3702 addiderat,
466 3628 512 3688 ita
527 3612 747 3696 adhibuimus,
767 3634 818 3698 nt,
841 3624 996 3704 exemplo
1011 3625 1051 3686 cl.
1065 3622 1168 3687 Hem-

67 3734 218 3807 eterhusii,
240 3728 282 3792 ad
308 3733 379 3808 ejne
399 3740 611 3802 contextum,
642 3720 844 3802 emendatis,
866 3735 1027 3808 quantum
1048 3728 1168 3807 potui-

67 3855 158 3913 mus,
186 3827 421 3900 emendandis,
451 3827 642 3911 typothetae
665 3839 811 3887 nostram
832 3823 1015 3886 editionem
1038 3823 1168 3888 descri-

60 3937 144 3999 bere
162 3933 398 3999 curaverimut,
439 3928 542 3994 Notas
558 3947 639 3991 vero
654 3923 795 3989 Marcii·
772 3949 811 4000 ιι,
837 3922 963 4075 θος-ηαξ
976 3935 1010 3987 et
1024 3906 1166 4014 Bourde-

901 4032 917 4064 ‘l
