2640 4680
91 301 227 375 ,280
417 300 984 360 snuortrrouns
1108 296 1112 303 '

150 475 293 532 merent.
327 456 484 523 Similiter
497 460 594 540 plane
608 453 764 516 Lucienus
776 472 832 515 eos
854 448 992 528 divites,
1016 454 1079 537 qui·
1086 450 1266 536 praebitam

154 555 268 615 osculo
284 567 412 608 manum
428 538 650 624 imputabant,
673 536 840 600 describit.
861 535 1097 601 vid-Rumam.
1113 538 1150 600 de
1163 539 1267 601 Prndo

152 651 187 701 et
202 637 270 696 Des.
286 628 471 703 Heredum,
495 647 588 710 quem
600 622 657 683 hic
670 623 802 685 Lucioni
815 626 907 683 locus
929 644 997 684 non
1012 624 1201 706 praeteriit,
1225 622 1267 686 ad

152 716 296 787 Martial.
311 715 366 789 11,
381 720 435 780 21.
453 709 509 773 sed
522 706 672 790 inprimis
684 707 786 789 Lipsii
798 707 885 770 Elec.
902 706 956 785 Π,
979 714 1010 775 6.
1037 709 1178 773 Husrss.

239 801 318 864 Eud.
340 804 360 863 l.
383 807 414 866 3.
445 796 678 877 Περίβλεπτον)
703 790 763 859 Tou
778 788 985 875 upoerldduru
1006 789 1163 874 δηλονότι·
1188 790 1271 861 εἶναι

153 886 287 951 videtur
314 883 431 946 deesse.
468 880 580 941 Bnon.
629 876 708 941 Imo-
730 896 808 940 vero
836 873 911 943 ὄντα
937 876 1067 943 videtur
1094 876 1268 944 excidisse.

154 975 277 1037 Luam.

242 1052 323 1118 ibid.
359 1058 428 1130 Τοῖς
440 1050 516 1135 μηδὲ
528 1073 553 1115 τ.
568 1049 617 1133 c.)
645 1045 775 1132 Quibus
789 1066 919 1109 menum
935 1044 1074 1111 oseulari
1093 1047 1270 1114 nonlicet.

157 1142 270 1207 Biton.
950 1170 955 1177 ·
1260 1188 1263 1193 .

243 1220 320 1288 Eud.
342 1222 364 1284 l.
386 1226 418 1290 6.
443 1216 518 1285 Ὅτι
532 1216 608 1300 μηδὲ
616 1223 681 1291 τοῖς
696 1210 841 1300 στὸμασιν
859 1210 941 1296 ἡμᾶς
960 1218 1153 1302 προςίενται)
1184 1218 1271 1282 Cum

157 1307 307 1389 Micyllus
330 1308 496 1382 vertisset,
519 1302 600 1387 quod
614 1326 705 1385 neque
726 1325 776 1363 ore
798 1322 853 1363 uos
871 1301 1040 1384 adprobant
1060 1320 1114 1365 out
1130 1304 1272 1388 compel-

158 1392 237 1468 lunt,
246 1391 423 1453 Benedictus
437 1390 502 1451 duo
516 1387 696 1470 posteriora
711 1385 868 1446 vocabula
881 1387 1072 1468 amputavit.
1094 1386 1157 1450 Sed
1173 1392 1272 1471 plane

160 1492 196 1540 ct
208 1475 385 1560 adprobare
401 1489 435 1536 et
449 1475 640 1556 compellare
655 1470 741 1529 nihil
762 1469 802 1530 ad
819 1473 1007 1557 upotlsouics.
1050 1472 1164 1549 Verte,
1189 1472 1274 1573 quod

160 1558 207 1622 cit
221 1584 276 1621 orn
289 1557 456 1621 salutanda
469 1561 522 1617 vel
538 1553 711 1616 osculanda
725 1577 785 1616 nou
800 1552 963 1621 admittaris
977 1578 1041 1620 nos.
1082 1556 1118 1619 N
1120 1570 1183 1620 ota·
1191 1562 1274 1620 1110..

159 1666 234 1709 rum
253 1645 318 1711 oris
331 1642 541 1705 obscoenitas.
573 1640 684 1702 Gaors.
997 1672 1000 1679 ·
1073 1654 1078 1663 ·

248 1727 329 1790 Ista.
365 1733 434 1801 Τοῖς
454 1719 619 1805 στόμασιν)
647 1721 719 1798 Ore,
743 1719 861 1802 idest,
885 1726 1008 1785 osculo.
1035 1724 1162 1792 Bron-
1191 1726 1275 1789 Pan·

162 1834 221 1876 cos
243 1814 330 1875 enim
351 1814 461 1873 osculo
477 1806 702 1890 excipiebant,
726 1826 847 1890 eosque
863 1830 1002 1875 summae
1020 1808 1152 1872 demum
1163 1808 1276 1897 digni.

162 1897 242 1960 tntis
255 1897 354 1960 viros.
368 1896 408 1961 V.
425 1893 552 1992 Capitol.
569 1882 606 1952 in
619 1891 670 1956 Μ.
683 1888 796 1955 Aurel.
812 1892 875 1953 III.
892 1907 925 1954 et
940 1893 1064 1957 Suetou.
1076 1894 1155 1959 Ner.
1175 1914 1205 1962 c.
1219 1903 1273 1967 87.

163 1980 266 2067 Quod
287 1996 392 2044 autem
411 1979 477 2040 sibu
498 1981 675 2065 gratuletur
689 1972 848 2060 Nigrinus
868 1992 1020 2062 negatum
1041 1983 1209 2058 osculnm,
1232 2000 1274 2043 eo

161 2056 353 2155 spurcitiem
376 2067 442 2128 oris
455 2056 564 2126 eorum
580 2074 687 2142 uotat3
715 2059 755 2122 de
771 2080 835 2146 qua
853 2065 945 2146 plura
961 2060 1077 2127 dicere
1091 2063 1201 2149 pudor
1212 2085 1272 2129 re·

161 2164 225 2216 tat.
245 2151 284 2215 V.
304 2149 456 2225 Pseudol.
474 2170 502 2210 o.
525 2156 578 2218 23.
601 2146 731 2210 Souis.
1082 2164 1085 2169 ·
1272 2178 1275 2183 ·

249 2235 328 2298 Eud.
351 2240 373 2300 1.
387 2241 418 2302 7.
443 2231 565 2308 Νυκτὸς
577 2231 630 2313 μὲν
643 2228 884 2311 ἐξανιστάμενοι)
899 2231 954 2295 Sic
969 2229 1005 2290 in
1018 2232 1119 2316 μελέτῃ
1128 2231 1272 2309 Merced.

162 2319 318 2382 conduct.
336 2333 369 2381 et
387 2320 421 2379 in
446 2319 551 2384 Gallo.
573 2318 709 2379 Bonan.
751 2316 921 2377 Molestius
942 2316 1173 2379 matutinarum
1188 2323 1274 2380 salu·

163 2404 331 2465 rationum
345 2401 517 2476 describit,
543 2414 685 2498 et-quarn·
707 2400 824 2459 vilium
839 2414 943 2462 essent
966 2402 1146 2464 animorum
1164 2406 1274 2465 multis

166 2486 262 2548 docet
278 2488 390 2548 Seneca
402 2485 441 2573 de
459 2485 552 2547 Brev.
565 2485 635 2546 Vrt.
661 2505 687 2548 c.
703 2483 794 2571 XIV.
818 2484 962 2565 quicum
976 2486 1116 2550 mutuno
1132 2488 1276 2550 conferri

164 2571 299 2650 poterit.
319 2568 424 2630 Canu.
469 2569 686 2629 salutationes
709 2581 741 2629 et
764 2565 871 2629 officia
893 2569 1171 2634 Romaefuerunt
1188 2587 1275 2633 ante·

52 2664 55 2669 '
163 2658 281 2717 lucana
290 2681 301 2730 3
326 2675 366 2714 ex
380 2653 455 2714 aliis
470 2667 502 2715 et
517 2653 581 2713 hoc
596 2658 671 2714 loco
689 2650 785 2714 docet
799 2652 838 2717 Is.
855 2652 984 2718 Cunus.
1000 2655 1041 2715 ad
1055 2654 1177 2719 Su'eton.
1191 2656 1274 2741 Aug.

161 2760 194 2800 c.
209 2744 261 2810 53.
285 2739 424 2815 Confer,
449 2758 531 2822 qnae
552 2743 648 2819 plura
661 2736 769 2797 Noster
787 2735 884 2799 habet
898 2735 937 2801 de
952 2741 1057 2802 Mers.
1077 2739 1172 2803 cond.
1186 2761 1276 2825 pror·

162 2844 220 2884 sus
242 2823 297 2886 his
317 2823 448 2886 similia.
469 2823 609 2887 Homer.
652 2819 746 2883 Adde
766 2835 800 2899 et
824 2822 951 2886 Sallust.
966 2824 1003 2893 B.
1020 2823 1060 2887 C.
1071 2846 1144 2913 sap.
1157 2832 1211 2897 28.
1226 2824 1275 2889 in.

165 2911 330 3060 Lmllnd.
353 2999 372 3062 l.
388 3001 420 3064 9.
443 2992 533 3080 Πρὸς
545 2999 607 3060 τῶν
622 2994 770 3074 oluerciu)
794 2990 924 3076 Quanta
944 2972 1279 3060 fuerit-vlliun'ca'ss:

164 3093 380 3167 natorumque
408 3081 644 3164 mancipiorum
659 3079 917 3161 importunitas,
941 3099 982 3142 ex
1004 3100 1044 3143 eo
1064 3085 1120 3145 vel
1138 3082 1281 3145 maxime

77 3238 81 3243 ι
166 3180 314 3243 constat,
339 3165 426 3249 qnod
445 3164 630 3311 gravissimi
651 3165 716 3225 viri
736 3176 912 3247 temperare
926 3164 990 3225 sibi
1007 3188 1075 3229 uon
1089 3166 1277 3249 potuerint,

163 3248 246 3391 lum
264 3250 303 3312 de
324 3251 385 3311 ista
407 3252 441 3310 iu
467 3250 605 3334 ignitate
626 3249 743 3310 acriter
765 3264 1046 3332 conquererentur.
1068 3250 1281 3314 Seneccdm

189 3331 254 3392 abit
277 3335 407 3397 Herolcl.
427 3334 467 3395 ad
492 3333 635 3397 Martial.
657 3334 753 3412 1,71.
776 3332 959 3413 Columella,
981 3334 1033 3399 vir
1053 3336 1160 3407 avitae
1180 3332 1281 3397 liber·

164 3416 243 3476 tatis
261 3441 398 3495 memor,
422 3420 527 3480 Praei.
541 3419 598 3480 lib.
617 3418 643 3484 1.·
659 3439 693 3500 p.
710 3425 741 3488 5.
764 3420 820 3481 Au
831 3435 931 3502 putem
941 3418 1143 3499 fortunatius,
1165 3444 1188 3483 o
1201 3434 1282 3481 eata

164 3517 238 3561 uoto
260 3503 405 3585 repulsum
422 3508 553 3587 janitore
567 3526 652 3586 saepe
665 3521 750 3565 nocte
770 3528 835 3565 sero
846 3503 964 3586 foribus
983 3508 1111 3588 ingratis
1124 3504 1279 3588 adjectu,

165 3587 388 3671 miserrimoque
392 3589 552 3674 famulatu
560 3603 621 3651 etr.
640 3590 738 3651 Tacit.
750 3590 833 3648 Anu.
842 3589 961 3667 1v‚.74.
971 3586 1069 3653 Juntu
1079 3592 1216 3673 μείω»
1227 3600 1283 3651 cut

160 3668 263 3755 fastus
272 3676 437 3752 janitorum
453 3672 696 3756 perpetiebantur.
742 3673 788 3733 Ηὶ
809 3673 911 3756 igitur
933 3673 1065 3736 Luciani
1084 3675 1216 3752 οἰκέται,
1236 3673 1284 3756 jn·

164 3752 288 3816 nitores
302 3773 388 3833 sunt,
411 3758 548 3835 ostiarii,
571 3759 724 3842 θυρωροὶ,
738 3770 784 3818 ἰιι
799 3758 868 3839 ipse
884 3774 980 3818 vocat
994 3756 1033 3821 de
1048 3760 1153 3823 Mero.
1171 3752 1281 3821 cond.

164 3835 319 3899 Ciceroni
347 3840 476 3903 ducitur
501 3841 608 3921 laudi,
654 3840 742 3925 qnod
772 3840 883 3903 domus
911 3847 980 3923 ejus
1010 3858 1119 3924 aperta
1153 3842 1282 3923 janito-

164 3943 231 4069 rfim
254 3946 318 3986 non
339 3923 487 3988 haberet:
511 3924 530 4009 ἡ
551 3921 580 3992 d'
612 3930 695 3995 οἰκία
722 3924 872 4011 θυρωρὸν
892 3919 949 3992 οὐκ
972 3922 1069 4011 rlxsul
1089 3926 1280 3991 Plutarchus·

204 4030 318 4070 emsa..

172 4132 175 4137 -
191 4144 197 4151 .
213 4118 217 4125 ·
234 4120 237 4127 ·
252 4090 334 4160 ibid.
357 4089 456 4175 Κῦνες
467 4099 518 4165 nul
530 4092 677 4181 ulturi)
699 4098 873 4183 Eleganter
884 4094 951 4159 hoc
967 4096 1056 4181 apud
1067 4096 1223 4187 Βοιωτῷ.
1247 4095 1282 4163 ἓν
