2640 4680
173 321 310 394 liix'm
354 295 701 390 ‘existumem
741 318 812 384 un
846 330 1136 418 uucsauo.1

173 475 342 560 hauriret't
365 464 489 570 'illique
511 484 670 561 aliorum,
698 468 767 571 qut’
781 485 820 549 in
842 472 964 551 scholis
985 472 1140 573 praelegi
1157 490 1279 570 solent,

175 576 354 659 luthoium
371 587 492 650 sabulis
502 587 704 649 scatentium
712 589 876 675 ‚3amplus
890 600 924 653 et
936 584 1082 675 planus
1073 587 1163 655 c'ss'et
1183 616 1281 657 com-

173 695 376 759 menterius.
399 701 435 752 et
455 694 502 750 ex'
514 687 679 750 varietate
701 691 897 776 scriptorum
915 692 1109 771 πολυτρόπου
1129 696 1279 761 hominis

127 796 293 877 hujus,
320 788 408 877 apud
430 808 530 873 quem
551 790 727 854 nullaiere
747 810 802 856 res
823 792 891 873 est,
917 813 1000 878 quae
1015 817 1082 858 nun
1103 799 1252 861 veniat'
1240 822 1280 862 ιιι

173 913 382 973 sermonem,
411 889 545 957 Graece
561 891 729 993 loquendi
744 880 963 959 funnularum
987 899 1088 960 flores
1115 895 1280 984 decerpe-

172 1013 234 1064 ret
278 994 376 1074 Quae
401 1016 477 1058 cum
492 994 574 1058 citra
601 973 863 1060 ιοιιιιοιειιίιιιι
885 998 934 1062 ita
954 1003 1041 1079 sint,
1063 1018 1162 1063 omne
1186 1023 1282 1087 pun-

175 1115 266 1166 ctum
281 1098 361 1162 tulit
381 1095 620 1176 Lucienus,
643 1117 700 1181 qus
691 1097 795 1161 utile
807 1095 1056 1166 dulcimiscnit.
1076 1100 1195 1182 dignus
1206 1126 1282 1188 pro

173 1206 279 1279 fecto,
272 1221 403 1321 quem
426 1198 535 1264 omnis
547 1197 738 1282 φιλόμουσος
753 1192 858 1278 amet,
878 1221 982 1288 quem
997 1205 1151 1290 alioqui
1140 1208 1283 1291 nnpium

173 1305 232 1368 uel
246 1286 322 1388 pius
346 1323 415 1364 non
435 1298 649 1391 dedignetur,
673 1301 836 1387 siquidem
853 1303 945 1391 puris
969 1306 1078 1370 omnia
1096 1330 1197 1393 pura,
1214 1314 1281 1396 qui

175 1426 236 1468 ceu
248 1398 406 1468 P'outicae
420 1421 518 1489 opes,
542 1405 610 1467 mel
622 1403 849 1489 dulcissimum
872 1425 917 1469 ex
934 1408 1140 1479 amarissimo
1162 1415 1281 1475 absin-

173 1507 247 1571 thio
259 1502 448 1569 conficiunt.
493 1501 568 1583 Age
585 1525 664 1587 ergo
680 1505 906 1592 quicumque
891 1509 989 1588 seria,
1001 1512 1210 1598 quicumque
1219 1517 1281 1594 ju-

174 1628 251 1671 oosa
277 1605 426 1692 quaeris,
448 1603 536 1664 hic
526 1608 679 1668 invenies
687 1605 808 1699 ,quod
829 1609 978 1674 animum
999 1623 1096 1674 tuum
1113 1636 1282 1697 quocum-

94 1730 97 1739 ·
174 1729 239 1795 que
251 1707 389 1774 tandem
403 1707 502 1769 modo
521 1706 686 1769 adfectum
700 1709 880 1791 refocillet,
899 1715 972 1775 sive
987 1725 1021 1775 te
1037 1712 1127 1776 domi
1138 1717 1282 1780 haeren-

172 1823 255 1895 tem,
270 1813 344 1876 sive
362 1809 434 1876 ruri
449 1819 659 1893 versantem,
675 1810 747 1870 sive
762 1829 900 1893 peregre
917 1825 1065 1893 euntem,
1087 1817 1281 1900 politissimi

171 1915 322 1985 authoris
339 1898 484 1978 lectione
499 1929 650 1976 recreare
667 1910 791 1995 cupies.
835 1909 898 1976 Hic
921 1915 1011 1978 inter
1030 1937 1184 1995 agrorum
1207 1933 1297 1983 sata*

170 2016 278 2100 lacta,
299 2037 412 2081 serum
434 2015 544 2080 omnis
563 2013 697 2093 generis
718 2017 866 2094 segetem
884 2013 947 2079 tibi
968 2015 1209 2104 suppeditabit:
1240 2023 1279 2085 iu

133 2142 134 2147 ¹
170 2122 272 2185 horto
287 2116 428 2197 florido,
452 2116 695 2183 rhetoricorum
708 2114 832 2181 florum
855 2116 966 2179 uarias
988 2139 1125 2184 coronas
1149 2134 1277 2191 nectet:

103 2205 104 2209 Ἰ
170 2224 211 2288 in
224 2221 325 2286 viridi
341 2231 375 2282 et
388 2221 513 2301 irriguo
533 2229 646 2304 puato,
667 2219 812 2303 perenni
835 2217 1046 2302 eloquentiae
1067 2222 1279 2304 scaturigine,

172 2338 208 2389 et
232 2321 382 2409 limpidis
401 2319 577 2384 facundiae
596 2319 679 2381 rivis
697 2330 733 2381 te
755 2319 931 2383 recreabit·
981 2319 1135 2408 Denique
1155 2347 1277 2407 magno

170 2444 320 2511 partove
339 2423 398 2484 sub
409 2421 480 2481 lare
495 2420 688 2499 degentem,
710 2416 859 2481 nitoribus
872 2420 953 2482 ‘tuae
968 2423 1050 2484 sorti
1066 2427 1279 2487 conuenien-

169 2527 272 2603 tibus,
295 2545 383 2586 nunc
397 2522 481 2583 salsa
496 2519 668 2583 dicacitate
683 2517 1067 2599 uiuainordendununc
1080 2518 1278 2589 meritalau-

172 2627 218 2691 de
227 2626 388 2691 virtutem
405 2620 618 2703 extollendo,
640 2643 728 2685 nunc
744 2633 833 2686 recta
844 2620 1093 2708 praecipiendo,
1115 2634 1150 2685 te
1157 2627 1278 2690 infor

265 2741 285 2789 t·

169 2706 336 2895 ἰὴΑδὶΑῑιίι
352 2826 390 2912 de,
410 2826 515 2890 Lu
481 2849 596 2892 cuano
619 2822 740 2915 tuditis
763 2819 825 2886 vid.
847 2849 926 2908 supr·
950 2851 983 2889 ”²
1003 2827 1129 2896 Dm‘r‘·
1157 2830 1241 2895 ‘i‘
1214 2859 1276 2919 qus

168 2935 243 3000 uitu-
