2640 4680
182 360 289 438 352·
430 370 997 435 annunt-tronns

183 551 255 595 men
272 523 335 609 ipsi
350 518 510 584 adhaesitt
535 516 636 581 Cicero
645 517 916 600 TusculQnaest.
930 515 987 583 lib.
1003 518 1063 583 lv.
1078 518 1176 603 §25-
1193 520 1295 587 odium

182 616 377 677 inhominem
397 606 559 669 univnsum
584 629 695 684 genus,
718 603 799 687 qrtod
821 607 985 686 accepimus
1009 604 1045 665 de
1068 607 1217 685 Timone,
1246 614 1298 693 qai

184 696 477 785 μιςᾶνθρωπος
498 687 672 769 adpellatur.
715 686 870 768 Idemque
891 688 1055 751 obscurius
1077 688 1119 753 de
1137 693 1297 755 Amicitia

184 792 215 863 p.
233 790 302 851 87.·
332 777 497 857 Quinetiam
515 778 542 834 si
558 777 624 856 quie
637 796 670 832 en
693 776 849 854 asperitate
861 787 920 847 est,
942 789 970 833 et
993 777 1186 849 immanitate
1196 794 1298 839 natta-

181 893 252 943 rne,
282 884 451 943 congressus
470 875 501 918 ut
524 858 673 918 hominnm
682 857 791 943 fugiat
813 874 901 940 atque
918 856 1028 934 oderit,
1059 859 1185 943 qualem
1195 862 1299 947 fleme

182 952 312 1018 Athenis
332 949 483 1006 Timonem
496 946 663 1025 accepimus
678 956 739 1004 etc.
769 940 884 1002 Plinius
899 940 942 1003 H.
962 942 1005 1005 N.
1021 942 1079 1005 lib.
1096 944 1175 1005 Vll.
1195 966 1226 1009 c.
1248 954 1296 1014 19,

182 1037 241 1098 nbi
256 1028 452 1111 aequabilem
466 1027 565 1109 animi
580 1044 721 1088 tenorem
737 1025 825 1087 exire
838 1024 1014 1106 aliqnando
1027 1040 1140 1107 monet
1157 1028 1197 1089 in
1210 1031 1307 1115 rigo·v

180 1143 248 1183 rem
266 1112 422 1200 quendam
442 1110 843 1193 torvitatemqua,.naturae
867 1108 976 1171 duram
998 1125 1032 1173 et
1053 1110 1295 1194 inflexibilem,

181 1204 394 1281 adfectusque
411 1197 567 1256 humanos
582 1192 740 1272 adimere,
756 1193 840 1255 inter
856 1208 977 1255 ceteros
989 1210 1136 1261 auctores
1152 1200 1298 1269 maxime

182 1285 363 1375 sapientiae
388 1280 557 1343 Timonem
577 1292 802 1352 connumerat,
825 1278 902 1339 huno
920 1279 1038 1363 qoniam
1051 1282 1161 1359 niam,
1187 1296 1228 1343 ut
1242 1284 1299 1345 in.

182 1374 270 1456 quit,
307 1374 339 1430 in
371 1370 461 1427 totius
487 1362 588 1425 odium
613 1367 726 1446 generis
754 1352 877 1423 hemodi
897 1381 1042 1427 evectum:
1070 1364 1163 1428 buno
1187 1382 1297 1431 tamen

180 1460 289 1537 ipsum
305 1448 512 1533 philosophis
527 1468 691 1510 accensere
712 1467 777 1508 non
791 1445 988 1513 erubuerunt
1001 1448 1070 1509 anti
1096 1448 1133 1510 ni
1153 1448 1314 1535 scripto'

182 1561 251 1619 res,
282 1557 374 1619 quem
394 1533 585 1595 insanientis
616 1531 725 1614 potins
747 1529 940 1633 sapientiae,
963 1533 992 1593 si
1013 1468 1144 1617 quidem
1170 1536 1231 1598 illa
1255 1539 1296 1599 sit

82 1616 86 1623 .
183 1621 344 1701 sapientia
364 1618 529 1691 voranda,
553 1621 734 1679 consultum
757 1614 891 1679 dixeris:
914 1617 1105 1701 perticulam
1125 1622 1294 1707 eDiogm

183 1710 219 1769 in
242 1708 376 1773 Timonis
401 1703 527 1765 Pilicsii
546 1704 638 1777 Vita,
663 1700 717 1761 sed
743 1701 849 1764 alieno
864 1700 912 1761 ibi
926 1705 1000 1767 loco
1017 1698 1184 1785 positam,
1213 1726 1292 1791 quae

181 1792 323 1855 breviter
343 1788 508 1873 ingenium
532 1787 629 1868 hujus
650 1785 872 1867 Misanthropi
905 1788 1133 1869 complectitur
1184 1810 1292 1853 excer-

182 1898 275 1961 pam:
299 1878 409 1960 Γέγονε
424 1872 517 1937 direci
540 1871 640 1954 ἕτερος
651 1873 773 1976 Ξῖμων,
798 1867 815 1935 ὅ
827 1867 1060 1954 participamur·
1081 1866 1136 1951 rid
1165 1866 1289 1957 odv'pt·

181 1958 336 2041 λόσοφος,
371 1960 423 2023 καὶ
453 1952 623 2038 φιλόκηπος
642 1982 682 2037 ην
707 1951 827 2037 σφόδρα
848 1958 898 2020 cni
920 1954 1147 2040 ἰδιοπράγμων,
1178 1954 1223 2036 ὥς
1241 1962 1289 2025 ml

171 2044 350 2132 ,Ἀντίγονός
366 2060 459 2127 φησι·
482 2038 572 2127 λόγος
585 2048 660 2126 γοῦν
667 2038 769 2106 ἐἰπεῖν
777 2036 965 2123 Ἱερώνυμον
977 2038 1030 2107 τὸν
1041 2040 1287 2149 lleprrrnaiprerdt

181 2128 231 2199 ἐπ’
249 2126 352 2207 αὐτοῦ,
361 2125 402 2205 ὥς
416 2125 499 2212 παρὰ
511 2135 573 2202 τοῖς
581 2122 720 2202 Σκύθαις
736 2128 787 2191 καὶ
799 2130 832 2191 oi
845 2121 1010 2210 φεύγοντες
1020 2132 1183 2205 enitescunt
1195 2131 1246 2195 eni
1259 2132 1288 2195 oi

181 2213 353 2294 διώκοντες,
368 2212 446 2280 οὕτω
460 2220 521 2278 τῶν
534 2211 714 2293 φιλοσόφων
729 2211 825 2292 οἱμὲν
839 2207 997 2287 διώκοντες
1009 2218 1133 2296 θηρῶσι
1140 2211 1219 2291 code
1235 2240 1285 2296 μα·

3 2378 8 2389 .
33 2262 38 2269 =
89 2338 92 2343 ,
180 2300 297 2384 θητᾶς,
323 2305 354 2366 οἱ
368 2293 586 2397 dissipavere,
608 2293 747 2379 καθάπερ
762 2299 812 2360 καὶ
828 2293 845 2362 d
864 2300 979 2379 Ίῑμων·
1001 2295 1111 2359 alieno
1127 2296 1201 2359 dixi
1216 2304 1284 2361 loco

181 2389 340 2470 positam,
365 2405 516 2465 qnoniam
531 2405 571 2443 ex
586 2404 672 2443 more
687 2384 829 2463 Diogenis
840 2378 879 2439 ad
901 2380 995 2440 finem
1008 2395 1075 2442 erat
1091 2382 1282 2467 rejicienda:

181 2486 219 2529 ut
236 2471 320 2531 enim
335 2489 421 2526 nunc
436 2483 494 2541 est,
514 2467 730 2526 narrationem
747 2467 785 2526 de
801 2465 936 2525 Timone
953 2463 1096 2527 Phliasia
1115 2489 1184 2529 non
1207 2468 1285 2531 bens

181 2553 386 2630 interrumpit
407 2565 439 2611 et
459 2548 646 2609 conturbat:
678 2546 733 2609 sed
754 2548 887 2610 observa
910 2548 1006 2626 mibi,
1036 2551 1210 2615 Timonem
1230 2572 1285 2613 no·

180 2654 282 2699 strum
304 2636 405 2695 fuisse
425 2632 616 2713 φιλόκηπονε
638 2631 671 2691 id
693 2632 842 2691 nimirum
866 2631 904 2692 ad
920 2633 1091 2695 Lucienum
1106 2636 1210 2711 facit,
1230 2637 1285 2721 qui

179 2724 271 2783 illum
290 2718 537 2801 indu'citagrum
558 2722 681 2777 sarculo
703 2734 895 2777 versantem:
919 2739 959 2778 nc
982 2739 1059 2780 vero
1073 2720 1206 2784 nonde
1229 2722 1284 2781 Ti·

109 2806 112 2811 ’
178 2806 285 2868 monis
300 2818 411 2863 natura
428 2803 534 2863 credat
552 2802 680 2879 Lector,
702 2822 752 2861 res
769 2801 830 2861 erit
843 2801 912 2881 ipsa
929 2803 1131 2883 testimonio,
1145 2824 1282 2889 ¹quanto

178 2889 341 2955 Plutarcho
369 2888 446 2948 satis
470 2886 636 2947 ridiculam
659 2885 921 2951 commemorabo.
974 2887 1056 2949 Cum
1076 2892 1284 2971 processisset

179 2972 355 3059 aliqnando
375 2987 481 3034 noster
499 2971 597 3034 bomo
610 2973 643 3031 in
662 2970 907 3033 Atheniensium
921 2973 1115 3051 conciones,
1139 2964 1282 3043 omnium

179 3064 304 3121 animos
323 3059 367 3119 rei
384 3058 531 3118 novitate
552 3062 715 3138 perculsos
741 3057 780 3117 ad
804 3077 836 3117 se
858 3057 1038 3133 convertit,
1070 3078 1281 3143 magnamque

180 3148 232 3206 aui
249 3144 520 3226 exspectationem
538 3142 734 3204 concitavit:
758 3142 812 3202 ille
833 3161 910 3202 vero
923 3140 962 3200 ad
981 3154 1122 3203 attentos
1144 3142 1283 3205 Atheni-

176 3251 267 3292 enses
284 3229 363 3287 haec
389 3225 509 3288 dixisse
536 3228 656 3288 fertur:
679 3247 751 3287 area
771 3223 851 3284 mihi
875 3246 971 3305 parva
993 3239 1057 3302 est,
1080 3225 1116 3285 in
1141 3248 1207 3311 qna
1227 3226 1282 3291 do·

175 3337 260 3376 mum
289 3314 410 3395 erigere
440 3310 582 3372 decrevi:
620 3313 654 3371 in
687 3302 748 3370 bac
776 3308 854 3369 ficus
885 3326 978 3370 enata
1004 3314 1179 3375 multorum
1208 3332 1281 3373 tus·

174 3398 305 3479 pendiis
328 3413 376 3458 est
398 3395 587 3456 nobilitata:
610 3402 675 3457 ndn
702 3416 828 3475 possum
851 3395 959 3477 itaque
973 3416 1059 3471 non,
1093 3396 1177 3479 quib
1195 3398 1282 3481 pub-

174 3483 239 3545 lice
262 3480 456 3564 significem,
486 3481 513 3538 ai
544 3503 636 3563 quern
661 3478 908 3540 Atheniensium
938 3479 1024 3541 vitae
1055 3482 1181 3563 ceperit
1211 3494 1280 3545 tae-

175 3565 283 3642 dium,
312 3587 454 3626 meeum
478 3569 559 3626 velle
587 3580 732 3649 rogatum
741 3609 751 3640 ,
780 3577 816 3623 ut
838 3584 878 3625 ex
909 3563 967 3623 bac
991 3564 1082 3625 felici
1111 3565 1226 3631 arbori
1247 3578 1279 3629 t'e

174 3649 368 3729 suspendat,
394 3652 561 3730 antequam
577 3649 797 3711 exscindatnrt
820 3651 941 3728 etquis
962 3666 1035 3732 post
1058 3646 1143 3710 baec·
1161 3652 1279 3713 certius

172 3733 354 3813 asperitatis
376 3755 498 3794 morum
521 3738 589 3815 ejus
609 3736 834 3796 documentum
859 3732 1040 3795 desideret?
1063 3731 1154 3797 burto
1174 3752 1278 3799 anton

171 3819 310 3898 rigorem
332 3838 372 3876 ex
399 3818 526 3899 injuriis
549 3820 723 3880 amicornm
746 3817 872 3880 videtur
894 3816 1112 3895 contraxisse,
1142 3840 1276 3903 quamn

172 3902 319 3986 ingratus
346 3918 420 3982 post
436 3903 581 3987 ingentia
595 3903 750 3966 beneficia
767 3904 891 3962 animus
913 3904 946 3961 in
962 3901 1046 3962 banc
1060 3924 1133 3965 eum
1149 3906 1277 3989 opinio·

172 4008 246 4049 nem
260 3986 507 4067 praecipitavit,
530 4001 567 4047 ut
581 4009 730 4050 summam
749 3990 834 4047 vitae
854 3986 1085 4063 beatitudinem
1099 3986 1136 4049 in
1151 3992 1277 4053 unica.

172 4072 201 4133 ai
215 4070 340 4156 generis
356 4068 486 4149 hpmani
511 4070 587 4132 odio
608 4073 772 4135 definiret:
794 4070 889 4163 privos
904 4068 964 4137 tide
975 4075 1090 4155 tendito
1100 4072 1222 4159 nodatos·
1235 4068 1275 4141 ed·

170 4162 302 4241 δαίμονα
316 4151 394 4223 river
408 4156 551 4241 γενέσθαι
556 4206 567 4239 ,
590 4158 672 4243 uiris
685 4156 759 4239 sctit
771 4155 880 4237 illave
898 4156 1051 4247 φεύγοντα
1071 4150 1273 4251 tisberim.
