2640 4680
178 327 252 395 Md
441 308 1007 379 inuorirrosas

181 486 259 549 setis
272 475 438 544 commode
459 473 618 536 vindicari
635 475 918 555 posse-lectionem
939 478 1101 558 vulgatam
1130 475 1285 543 arbitror.

180 573 247 635 Hic
262 580 366 629 antem
388 560 619 643 qualiscunque
642 559 680 620 de
701 558 800 618 Tibio
825 557 983 621 dissensus
1007 559 1048 619 ad
1073 563 1290 625 concordiam

182 653 289 735 redigi
305 661 422 729 potest,
446 644 474 703 si
486 663 590 703 sumas
604 646 695 723 plura
713 643 825 718 fuisse,
842 641 929 726 quod
943 665 1145 705 saneverum
1162 662 1228 725 est,
1239 670 1291 708 no·

181 740 269 801 mina
284 734 425 794 virorum
442 727 586 810 propria,
610 747 693 809 quae
707 740 738 787 et
754 728 899 809 gentium
915 727 992 805 sint,
1008 729 1129 790 olimve
1146 732 1292 793 fuerint:

181 824 231 885 sio
245 822 373 893 zellae,
385 811 524 893 Ἕλλην,
546 804 673 891 Asinam
693 807 850 889 Ἀττικὰς,
870 805 1058 892 Ἀθηναῖος,
1082 817 1228 897 ejusque
1243 838 1293 900 ge.

128 948 133 959 .
182 907 268 968 ueris
283 922 349 961 non
363 919 473 980 pauca.
516 894 589 954 Pari
611 893 707 955 modo
733 899 834 978 Τίβιος
849 909 881 954 et
902 896 1070 977 antiquum
1088 899 1219 980 populi
1237 920 1291 963 aa.

128 1046 132 1057 ,
183 1010 276 1067 men,
305 981 392 1067 quod
416 976 611 1063 pedetentim
636 980 798 1054 exolevit,
819 994 854 1040 et
870 985 1042 1040 multorum
1066 978 1102 1038 in
1128 1003 1169 1043 ea
1194 999 1293 1066 gente

124 1066 127 1073 ’
183 1070 369 1159 proprium:
400 1065 550 1148 quocirca
572 1063 688 1141 servis,
720 1063 776 1144 qui
804 1085 843 1123 ex
864 1062 1024 1146 Phrygia,
1056 1064 1293 1147 Paphlagonia

184 1154 405 1243 proxim-isque
424 1149 516 1210 terris
538 1144 744 1228 petebantur,
779 1147 905 1229 imponi
928 1148 1108 1213 consuevit.
1159 1151 1241 1211 Hoc
1261 1170 1293 1214 et

183 1247 276 1325 plura
293 1234 430 1317 reperies
445 1233 555 1315 Epigr.
575 1230 683 1291 XVII.
705 1251 832 1305 eorum,
856 1251 936 1312 quae
949 1231 1099 1293 Baebetus
1113 1232 1229 1295 edidit
1252 1234 1291 1297 ad

182 1323 345 1410 Diopbaat.
362 1321 401 1380 V.
414 1317 546 1401 Quaest.
562 1323 613 1385 38.
624 1314 723 1399 Syrtes.
737 1315 878 1397 Eplll.
885 1311 992 1380 τούτου
1009 1316 1228 1400 (Haemonii)
1236 1318 1291 1401 τὴν

106 1402 114 1417 ⁹
181 1409 371 1494 θυγατριδῆν
386 1397 403 1467 ὃ
418 1411 507 1475 θεῖος
518 1395 664 1481 ‘blesillae
676 1402 727 1464 aul
741 1397 884 1482 θυρωρὸς
901 1404 943 1476 εἰς
955 1404 1077 1473 Σωσίας
1101 1426 1138 1465 ce
1164 1406 1223 1487 scal
1243 1408 1290 1469 ll.

184 1487 423 1579 βίονςύιιέὃοτο,
445 1485 480 1545 id
492 1497 551 1558 est,
575 1498 612 1543 ut
627 1504 686 1566 ego
702 1481 830 1566 quidem
844 1483 1004 1569 intelligo,
1026 1481 1180 1551 vilissimo
1201 1513 1290 1551 maa·

178 1581 262 1660 cipio
279 1574 451 1656 desponsam
472 1567 550 1630 uelut
567 1566 716 1643 uendidit,
740 1585 827 1652 atque
841 1571 872 1629 in
887 1592 992 1629 manus
1003 1567 1156 1629 tradidit:
1178 1573 1288 1652 mitto,

205 1681 265 1721 uae
278 1659 351 1717 aliis
366 1652 550 1737 jamdudum
567 1651 749 1714 observata:
771 1673 864 1734 saepe
878 1653 995 1725 Noster,
1005 1666 1042 1711 ut
1050 1651 1168 1727 ‘Index
1179 1672 1288 1718 osten·

182 1683 257 1806 det:
280 1742 376 1824 hujus
393 1736 572 1798 autemloci
587 1737 742 1818 plerique,
765 1758 845 1817 quos
860 1757 953 1820 supra
968 1736 1158 1815 memoravi,
1175 1741 1286 1802 menri.

180 1841 311 1896 nerunt.
341 1826 430 1906 Quae
446 1842 522 1882 vero
539 1821 573 1878 in
589 1842 648 1880 usu
664 1819 855 1901 quotidiano
871 1821 1133 1902 frequentissima
1151 1823 1287 1885 fuerunt

180 1932 342 1974 servorum
359 1907 499 1981 nomina,
510 1903 680 1965 adsoeuam
696 1901 804 1965 eadem
820 1920 896 1964 sunt
909 1904 1070 1965 traducta:
1088 1903 1283 1986 hinchvi,

181 1997 266 2077 Syri,
276 1994 429 2076 Phryges,
440 1989 666 2066 Getae,Sacae.
682 1987 945 2071 ScholAristopl.
959 1988 997 2047 ad
1006 1972 1149 2049 acham!
1168 2012 1203 2055 v.
1214 2001 1283 2061 242.

181 2085 254 2147 Ilici
266 2081 297 2145 δὲ
309 2080 361 2143 sai
374 2080 405 2142 ἐν
418 2082 457 2162 τῇ
467 2077 614 2160 κωμῳδία
630 2074 751 2152 dacae,
762 2075 907 2151 Ξανθίας,
923 2075 1033 2156 Τίβιος,
1043 2077 1180 2154 Σωσίας,
1189 2086 1283 2154 Asiae,

182 2168 285 2239 -I'e'cac-
328 2166 429 2227 Porro
444 2159 631 2219 nominibus
653 2157 730 2219 olim
754 2157 847 2219 liberi
860 2158 1005 2242 servique
1028 2155 1291 2242 distinguebam--

182 2267 252 2312 tur:
267 2263 380 2331 postea
396 2245 565 2311 discrimen
581 2241 663 2303 illud
676 2242 722 2303 sic
739 2242 906 2304 confusum
922 2256 979 2318 est,
987 2254 1025 2300 ut
1037 2240 1099 2301 ista
1115 2260 1199 2305 nata
1219 2269 1283 2307 nau

183 2336 318 2416 amplius
334 2344 464 2414 possent
477 2325 509 2388 di
534 2328 636 2389 nosci.
681 2327 823 2410 Insignis
839 2338 889 2386 est
905 2320 1111 2411 olympiodori
1130 2331 1228 2392 locus
1242 2329 1283 2392 ad

180 2413 466 2479 AlcibJJ’laronu
479 2433 496 2469 a
508 2350 680 2474 dasaubano
690 2411 864 2490 productus
879 2410 1013 2489 adfers.
1032 2410 1074 2489 Y,
1096 2418 1173 2481 116,
1188 2410 1282 2481 „dm

125 2520 129 2525 '
170 2500 238 2588 peip
252 2503 303 2564 aui
314 2506 377 2571 τοῖς
390 2490 517 2576 iidemu
536 2496 717 2576 διεκέκριντο
730 2497 761 2558 ol
777 2489 926 2575 dissidioso
940 2502 1000 2557 τῶν
1014 2489 1138 2560 δούλοιν
1151 2500 1207 2563 ui
1218 2511 1280 2575 ταῖς

180 2589 275 2670 optet.
318 2583 418 2645 Γέται
432 2580 490 2662 γὰρ
501 2579 557 2643 md
578 2585 658 2641 Δᾶοι
671 2579 723 2641 ml
745 2575 862 2661 Φρύγες
875 2574 1082 2657 ύνομύζονσο·
1103 2587 1167 2646 νύν
1182 2585 1219 2649 δὲ
1231 2586 1281 2649 καὶ

181 2679 276 2736 ταῦτα
290 2661 509 2747 σννεχύθησαν.
537 2661 627 2721 Hinc
640 2665 702 2742 jam
717 2675 815 2742 patet,
836 2661 876 2721 ob
890 2683 982 2744 quam
999 2684 1145 2725 caussam
1156 2666 1280 2731 Lucia-

179 2780 234 2817 nus
244 2750 440 2830 mancipium
456 2747 586 2819 infame,
608 2762 777 2828 postquam
791 2745 1116 2830 obsequioflagitioso
1134 2744 1278 2815 luculen-

180 2855 243 2902 tam
257 2832 470 2905 hereditatem
493 2829 612 2907 crevit,
643 2845 773 2911 repente
801 2846 930 2901 minato·
944 2831 1074 2892 nomine
1096 2833 1223 2897 scribat
1242 2837 1278 2899 in

122 2914 131 2928 ⁹
177 2923 344 3008 publicum
360 2914 503 2999 prodire,
528 2929 560 2977 et
574 2935 632 2996 pro
645 2913 800 2995 Pyrrhia,
821 2918 984 2977 Dromone
998 2920 1050 2975 vel
1060 2915 1167 2979 ,Tibia
1186 2924 1284 2985 salu-.

177 3008 240 3069 tari
253 3006 450 3086 Megaclem,
474 2999 691 3083 Megabyzum
712 3015 768 3058 aut
779 3000 1002 3078 Protarchum,
1025 2998 1113 3059 haud
1129 3023 1225 3065 aecus
1239 3026 1275 3067 aa

176 3094 287 3154 Simon
309 3089 365 3147 ille
383 3083 536 3145 coriarius
559 3084 593 3141 in
615 3084 708 3144 Gallo
731 3082 857 3143 divitiis
885 3099 997 3144 auctus
1021 3083 1224 3149 Simonidem
1243 3110 1277 3151 so

176 3175 241 3239 dici
257 3170 445 3255 postulavit.
492 3168 644 3228 Diversae
657 3167 801 3226 mutandi
825 3168 964 3227 nominis
989 3169 1131 3229 rationes
1152 3192 1198 3233 ex
1223 3172 1284 3234 vi.·

113 3306 116 3311 .
174 3275 227 3323 tae
250 3254 439 3316 conditione
467 3266 588 3311 mutata
618 3251 827 3331 politissimus
855 3252 992 3332 exponit
1013 3248 1163 3335 idemque
1188 3254 1278 3319 doe-

175 3344 317 3404 tissimut
339 3338 401 3401 «ἴοι.
424 3335 577 3398 Merserat
598 3334 637 3392 ad
657 3335 837 3396 Aristaeum.
859 3338 885 3401 Ι,
909 3336 1012 3417 Epist.
1038 3344 1088 3402 14.
1134 3338 1186 3399 Ad
1210 3340 1277 3403 Lu.

176 3432 292 3488 danum
320 3424 443 3503 optime
477 3418 701 3495 conveniunt,
747 3440 826 3499 quae
862 3421 956 3498 ponit
980 3416 1209 3503 Theophrastus
1239 3426 1277 3487 itt

174 3509 331 3571 Maledici
365 3503 581 3584 descriptione
618 3524 687 3585 pag.
712 3511 783 3571 110.
828 3502 930 3581 illius,
961 3506 1007 3565 sia
1029 3504 1089 3565 iste
1117 3528 1274 3588 nequam,

173 3595 208 3655 in
226 3597 445 3672 cujuscunque
460 3588 654 3649 mentionem
668 3586 831 3654 inciderit.
842 3594 926 3670 patri
938 3613 1041 3649 nomen
1051 3593 1192 3672 primitus
1207 3608 1276 3655 erat

174 3678 294 3743 Sosius:
317 3673 458 3733 deindcin
473 3675 578 3733 castris
592 3670 733 3731 militavit
746 3669 939 3739 Sosistratus:
960 3669 980 3754 ἡ
993 3676 1092 3755 μέντοι
1105 3670 1208 3757 μήτηρ
1223 3672 1274 3745 εὖ.

172 3760 262 3848 penaio
281 3755 397 3844 Θρᾷτιύ
414 3760 491 3821 ἐστι·
521 3752 574 3829 coit
599 3756 630 3819 di
645 3757 782 3830 τοιαύτας
798 3757 829 3819 ἐν
844 3764 883 3844 τῇ
896 3764 1016 3840 πατρίδι
1039 3752 1169 3842 εύγενεῐς
1192 3756 1274 3827 εἶναι

173 3852 282 3929 φασίν·
304 3843 382 3903 haec
397 3862 456 3922 ego
475 3840 638 3899 sanissima
656 3840 783 3922 judico,
808 3862 913 3923 neque
931 3840 1045 3921 digno,
1068 3842 1170 3926 quaa,
1196 3856 1273 3909 cum

170 3928 329 3992 eruditiss.
345 3924 533 4001 Needhamo,
557 3930 651 3984 ullum
668 3926 701 3982 in
727 3940 846 4007 partem
871 3925 1090 3987 soliciteutur:
1114 3942 1273 4013 perquam

166 4016 306 4099 maligne
326 4025 357 4073 et
380 4008 500 4088 ἠθικῶς
516 4010 664 4088 loquitur
682 4007 999 4071 maledicentissimus
1023 4026 1204 4076 veterator:
1235 4012 1289 4077 td·

164 4100 285 4183 servuli
303 4113 475 4195 serrasque
497 4092 695 4199 sepelitionis
719 4089 948 4195 hpuoitttnm
969 4093 1109 4159 solantes'
1130 4088 1273 4183 metim.
