2640 4680
150 304 407 379 convulso.
458 322 701 383 assera.
756 319 1074 373 assuens

152 475 205 543 De
222 472 351 559 Catone,
371 470 620 543 enculismensis.
637 474 725 535 llbro
747 473 805 558 qui
824 454 936 555 potuit
959 487 1015 533 me
1038 470 1173 553 fugere,
1197 473 1265 537 nisi

153 595 321 663 peponem
344 593 406 657 pro
426 572 525 666 eorde
545 571 731 641 haberem?
761 575 820 660 qui
841 572 1053 637 familiariter
1068 593 1136 657 ,pap
1152 575 1264 659 plures

61 704 67 714 ·
155 678 261 742 annos
279 676 318 739 in
340 674 410 738 illis
431 694 601 755 versarer,
620 679 684 763 ‚qui
703 674 740 739 in
754 675 908 741 Lexioon
924 673 1267 739 illudrasticumre—

153 782 280 844 ferrem
293 779 430 841 illorum
449 782 630 858 formulas,
654 779 712 863 qui
731 771 966 864 componerem
988 777 1069 839 ltine
1088 776 1265 860 scriptores

155 884 245 947 iuter
260 903 314 960 se,
336 880 417 943 hine
432 899 545 943 serum
560 883 634 966 ipso
646 900 935 966 unumquemque,
956 876 1036 943 ltine
1056 897 1173 941 omnes
1189 899 1266 940 curn

157 984 274 1049 Plinio:
297 1002 361 1067 qua
380 981 416 1043 in
434 985 567 1065 romeis
581 1005 636 1048 me
653 983 758 1047 oeulis
777 1000 893 1063 usrun,
916 981 1013 1046 docet
1032 982 1105 1064 ipsa
1126 980 1186 1043 illa
1202 979 1267 1041 ad-

158 1084 301 1168 legaudi
311 1085 481 1168 metimque
497 1104 600 1149 uerno
615 1097 693 1149 ante
707 1105 762 1148 me
776 1106 857 1149 usus
872 1096 934 1164 est,
942 1086 1016 1169 ipsa
1028 1085 1087 1147 illa
1106 1079 1270 1165 adscripta

160 1192 234 1252 loca
250 1188 409 1281 parallelo
424 1186 663 1251 demonstrant.
695 1183 802 1267 Igitur
819 1206 1000 1270 numquam
1014 1185 1101 1249 mibi
1119 1184 1154 1245 in
1167 1202 1271 1245 men-

161 1302 232 1353 tem
251 1284 348 1351 venit
367 1289 520 1369 gloriari,
543 1301 713 1374 tamquam
735 1286 880 1354 uiderim
901 1286 1058 1371 aliquid
1044 1308 1083 1351 an
1102 1283 1213 1346 Gutum
1235 1296 1271 1347 et

166 1388 347 1465 Columellae
366 1390 408 1453 rle
433 1385 605 1455 arboribus
625 1391 728 1459 libro·
759 1388 818 1457 sed
842 1387 1012 1475 stupidum
1031 1408 1086 1459 ms
1107 1399 1272 1472 putarem,

166 1503 201 1555 et
218 1493 390 1570 obtusum,
412 1494 442 1559 si
460 1515 529 1556 non
552 1474 715 1557 vidisseni
733 1488 894 1555 Οαιοιιίαιιι
911 1478 991 1555 libri
1006 1491 1087 1553 lrino
1108 1487 1271 1564 defectus,

164 1593 244 1657 binc
260 1593 553 1678 interpolationes,
553 1582 787 1659 Columellr'ani
801 1607 913 1658 eutem
938 1591 1050 1678 operis
1067 1592 1275 1676 praelectio-

167 1715 247 1758 nem
259 1697 447 1780 repetitam.
478 1697 516 1759 Si
528 1699 586 1763 alii
600 1702 687 1760 ente'
698 1717 759 1761 nos
773 1699 854 1759 haec
873 1716 943 1757 non
952 1691 1122 1774 viderunt,
1142 1696 1274 1759 nonin-

62 1846 67 1859 ,
168 1797 305 1876 genium
326 1797 394 1857 illis
416 1795 563 1863 defuisse
585 1813 694 1884 puto,
708 1798 768 1861 sed
793 1800 875 1872 hoc,
899 1795 988 1882 quod
1010 1798 1047 1859 in
1064 1799 1274 1882 praelatione

170 1896 368 1961 rusticorum
379 1902 580 1980 memoravi,
604 1900 694 1987 quod
708 1898 924 1964 desultoriam
940 1899 1040 1961 nimis
1056 1920 1193 1985 operam
1209 1922 1275 1965 na-

170 2017 252 2059 rare
274 1999 384 2061 solent
400 2001 494 2063 libris
509 2004 656 2088 antiquis
680 2002 848 2087 plerique,
871 1997 960 2085 qued
984 2021 1052 2065 nou
1068 2021 1137 2063 uno
1158 2013 1276 2077 tenore

170 2099 306 2178 lugunt,
328 2121 397 2164 uon
415 2105 616 2168 contrahunt
631 2127 705 2167 curn
719 2104 763 2167 iis
786 2103 988 2191 penitiorem
1008 2102 1105 2167 velut
1127 2103 1279 2165 familia-

172 2201 317 2285 ritatem.
367 2201 532 2286 lineata,
560 2206 707 2271 Reitzi
732 2206 1036 2292 praestantissime,
1064 2222 1145 2267 vers
1176 2225 1196 2264 a
1223 2216 1278 2266 nto

174 2298 294 2383 diuiso
317 2305 450 2370 facilius
469 2309 610 2388 senties,
632 2331 699 2394 quo
721 2310 818 2393 plura
836 2308 904 2371 tibi
919 2308 977 2369 vel
994 2306 1050 2367 hie
1072 2305 1145 2387 ipse
1166 2317 1280 2366 noster

174 2398 350 2468 Lucrinus
372 2406 602 2526 suppeditavit
617 2416 688 2491 ejus
704 2411 754 2473 rei
770 2407 962 2495 specimina.
1005 2405 1044 2469 si
1061 2417 1176 2468 tamen
1195 2407 1282 2467 sub-

176 2502 271 2569 dolus
293 2509 349 2572 hio
363 2511 432 2586 l'u1,
463 2513 493 2575 si
512 2511 673 2607 invadere
695 2511 837 2592 gloriam
855 2508 1041 2571 alienorum
1064 2502 1281 2570 inventorum

177 2610 283 2688 volui,
305 2613 334 2672 si
346 2634 445 2696 porro
460 2594 598 2683 consilio
613 2612 768 2679 omittere
779 2606 958 2673 Pontedera
972 2606 1056 2673 alies
1068 2610 1283 2673 observatio-

175 2726 236 2773 nes
249 2730 357 2782 ausus
377 2736 468 2779 suns:
496 2714 570 2801 quis
594 2734 649 2779 me
670 2726 807 2799 stupor,
829 2722 887 2775 aut
908 2730 994 2795 quoe
1020 2707 1139 2790 religio
1157 2713 1282 2791 tenuit,

176 2831 241 2895 quo
256 2815 369 2880 minus
385 2838 424 2880 ea
439 2818 647 2895 omitterem,
668 2817 838 2902 inquibus
852 2813 911 2875 illa
924 2813 1067 2879 invenus
1081 2815 1279 2877 hecatombe

110 2930 115 2945 “
176 2912 275 2994 digna
289 2918 454 2980 Poruedcra
473 2918 673 3006 proposuit?
695 2916 870 2999 (laisneo
892 2919 1003 2981 furem
1020 2914 1225 2997 ridset‚aequi
1245 2917 1282 2976 in

177 3014 471 3110 divitem-domum
487 3023 623 3085 absente
638 3042 699 3109 per
713 3020 819 3089 multa
833 3018 946 3081 millis
964 3036 1123 3101 passuum
1147 3012 1282 3078 domino

176 3121 233 3181 ubi
246 3121 397 3207 irrepsit,
423 3135 457 3185 et
479 3123 558 3188 satis
572 3125 733 3208 temporis
755 3120 871 3186 hebuit
893 3139 954 3184 auo
975 3119 1135 3183 arbitratu
1157 3119 1285 3200 optima

177 3243 328 3307 quaeque
354 3223 520 3304 eligendi,
544 3221 666 3291 deiude
688 3206 804 3286 scruta
822 3219 985 3308 quaedem
1010 3239 1123 3281 secum
1144 3222 1285 3298 auferat,

179 3325 328 3407 Pretiosa
348 3327 507 3407 monilia,
537 3338 572 3391 et
592 3328 665 3392 auri
685 3328 780 3389 fiscos
797 3326 946 3391 intectos.
958 3318 1149 3403 relinquet?
1191 3318 1284 3383 Talis

178 3446 240 3504 ego
253 3432 423 3509 profecto,
447 3440 516 3493 tarn
528 3443 657 3493 astutus
676 3427 835 3507 Autolyci
847 3424 889 3487 de
902 3437 1000 3502 gente
1016 3426 1179 3498 farsum,
1200 3422 1228 3482 si
1246 3442 1287 3485 ea

180 3526 364 3591 subducere
380 3534 493 3612 volui,
516 3531 693 3618 dequibus
710 3549 809 3612 supra
824 3525 1029 3602 dictumest3
1053 3524 1215 3608 publicari
1230 3545 1287 3586 au-

179 3642 250 3712 tem
269 3652 342 3693 cum
359 3633 493 3697 nomine
509 3633 691 3703 Pontederoe
708 3631 820 3695 curari
829 3666 849 3704 ,·
862 3642 897 3689 et
911 3626 953 3691 ed
970 3649 1009 3689 ea
1023 3628 1159 3708 insuper
1176 3628 1288 3689 lecto—

178 3751 252 3795 rem
264 3735 403 3812 remisi,
426 3736 544 3819 quibus
561 3734 749 3819 suppressis
762 3733 846 3796 milri
862 3732 1008 3795 tribuere
1026 3729 1161 3809 pulchra
1180 3748 1289 3812 quee-

181 3830 265 3893 dam·
284 3836 424 3899 inventa
449 3839 486 3901 in
508 3835 660 3901 solidum·
679 3848 861 3917 potemur.-
891 3830 947 3896 Aa
971 3850 1137 3895 smnmum
1162 3831 1289 3893 crimen

174 3932 319 4007 ostede,
352 3936 388 4001 in
410 3961 474 4024 quo
498 3939 748 4001 commotiorem
781 3936 883 3997 tuisse
904 3933 1120 3996 moderatum
1141 3933 1291 4015 alioquin

182 4034 306 4123 uirum,
322 4060 377 4109 res
392 4042 465 4129 ipsa
477 4041 636 4127 loquitur,
656 4037 763 4107 idest
775 4039 892 4118 rerba,
912 4037 1032 4122 quibps
1042 4036 1154 4119 ¹utitur
1166 4057 1201 4120 p.
1215 4036 1288 4101 abd.

1210 4228 1231 4273 l
