2640 4680
295 314 399 394 ott
456 315 519 386 χιι
569 319 595 397 ιι
647 318 668 368 o
720 293 980 379 fatto·
1040 328 1200 402 „eam

86 472 192 547 nrum,
206 459 431 546 acPlatonicis
442 466 487 529 ob
500 460 717 551 praestigias·
740 458 890 535 Stoicis
877 480 973 556 rtem
967 479 1149 561 -proptar
1132 494 1210 558 rua,

86 567 307 647 tolerandum
295 567 585 675 supercilium,
572 568 637 651 hos
650 569 805 653 punctim
812 591 849 637 ac
860 574 1004 656 casum,
1021 577 1088 660 bos
1099 583 1196 665 οηιμ

88 672 235 749 telorum
250 691 372 752 genere
386 640 492 779 petit,;
520 640 644 756 idque
634 691 707 754 Jure
730 674 874 770 optimo
898 650 1083 758 quidenim
1101 680 1196 763 odio,

18 774 21 783 '
88 772 168 850 sius,
183 770 262 857 quid
277 773 389 835 minus
403 767 591 859 ferendum,
609 790 711 857 quam
721 759 916 859 improbitas
928 778 1066 857 virtutis
1080 782 1196 865 nomi-

87 891 131 933 ne
146 870 355 956 personata?
370 871 458 938 Hinc
475 872 528 935 illi
548 872 593 934 ΒΖ
592 873 734 957 ospitari,
754 874 819 939 hoc
832 887 893 955 est,
925 858 1084 944 maledici
1096 905 1193 950 roca

86 974 202 1054 bulum
219 972 394 1063 addidere,
418 973 478 1038 sed
493 975 532 1039 hr
547 995 717 1061 nrmrrum,
741 994 883 1062 quorum
898 981 1010 1045 ulcera
1022 985 1192 1065 temerat<
1286 1001 1292 1007 '

172 1075 255 1136 lolem
271 1058 346 1139 ibid.
370 1052 516 1144 Tantum
539 1060 717 1144 obtinatin
733 1074 911 1142 dicendos
890 1082 1046 1161 gratiae,
1059 1097 1193 1154 tantum
1238 1098 1240 1105 '

20 1166 23 1189 ³
85 1161 123 1224 in
134 1150 339 1226 inveniendo
352 1153 540 1237 felicitatis,
550 1173 682 1225 tantum
697 1161 734 1223 in
746 1160 888 1243 jocando
905 1167 1064 1251 leporis,'
1053 1191 1090 1231 ιιι
1100 1191 1192 1236 mor

86 1261 195 1327 dendo
208 1262 312 1344 aceti,
334 1262 380 1325 sic
392 1262 508 1326 titillat
526 1260 815 1341 adlusionibus,'
788 1284 835 1326 ιιι
849 1266 936 1330 soria
956 1262 1064 1351 nugis,
1087 1293 1191 1376 nugas

20 1353 25 1369 ⁵
85 1367 182 1427 seriis
195 1366 329 1447 miscet,
353 1367 399 1428 sic
413 1348 525 1427 ridens
539 1383 619 1426 uera
633 1361 727 1442 dicit,
748 1383 831 1429 vera
854 1363 995 1433 dicendo
1016 1360 1164 1469 ridet,
1138 1375 1190 1440 sic

55 1503 57 1506 -
83 1467 274 1550 hominum
270 1485 395 1548 mores,
418 1462 579 1544 adfectus,
605 1461 726 1543 studia,
748 1464 1013 1552 quasipenicillo
1030 1462 1191 1564 depirrgit‚
1224 1478 1226 1485 ’

84 1587 193 1652 neque
207 1560 363 1661 legenda,
378 1564 436 1628 ssd
450 1566 549 1651 plane
564 1564 743 1651 spectanda
758 1568 872 1630 oculis'
877 1575 1026 1655 exponit,
1045 1588 1084 1638 ιιι
1099 1579 1194 1665 nulla
1231 1559 1234 1567 ,

84 1667 267 1748 comoedia,
290 1669 382 1730 nulla
397 1679 506 1750 satyra
524 1689 597 1730 curn
615 1668 714 1745 hujus
735 1664 885 1749 Dialogis
900 1674 1044 1739 conferri
1058 1654 1194 1760 debeat,

83 1793 142 1836 seu
165 1773 374 1856 voluptatem
399 1781 539 1857 spectes,
563 1788 621 1832 ssu
637 1780 765 1854 spectes
780 1772 971 1837 utilitatem.

169 1875 218 1937 Jo.
233 1869 439 1935 Benedictus
427 1895 459 1932 m
470 1869 568 1959 praef
592 1866 786 1935 Lucioni:
808 1871 904 1937 Nunc
921 1892 1124 1963 superesset
1149 1893 1188 1945 ut

84 1980 194 2096 eliqua
221 1969 510 2061 commendatione
546 1971 794 2064 Luciauum
818 1977 1087 2061 cohonestarern,
1121 1976 1188 2046 n-iai

12 2135 15 2141 .
83 2080 141 2160 sic,
165 2091 275 2142 actum
290 2077 330 2138 ab
351 2077 426 2138 aliis
439 2056 564 2167 multis,
580 2068 725 2156 agerem.
764 2074 807 2140 Et
824 2090 911 2139 certe
928 2078 1008 2161 quid
1023 2104 1117 2167 opus
1125 2095 1186 2173 est

81 2197 120 2245 ut
134 2178 210 2267 pos't
225 2180 302 2240 illos
314 2188 479 2262 repetam,
503 2162 592 2241 eum
601 2196 673 2261 esse
688 2175 822 2239 Atticae
839 2179 1049 2266 eloquentiae
1065 2203 1188 2248 exem-

80 2286 155 2370 plar
174 2283 357 2359 sincerum,
386 2299 514 2343 summa
541 2254 673 2341 dicendi
701 2276 905 2360 festivitate,
937 2303 1054 2362 magua
1075 2307 1187 2350 rerum

81 2386 264 2462 varietate,
285 2400 404 2462 magua
417 2376 573 2461 scientia,
603 2382 772 2466 multaque
789 2381 937 2467 doctrina
954 2385 1102 2449 clarere?
1124 2385 1188 2450 Ilio

82 2474 112 2551 si
126 2507 178 2550 ras
194 2487 296 2550 serias
309 2496 439 2563 tractat,
452 2485 491 2549 fit
508 2478 637 2564 gravis:
661 2481 690 2544 si
707 2479 846 2562 jocosas,
862 2484 1023 2575 festinus:
1048 2489 1076 2549 si
1092 2510 1186 2575 prae·
1255 2541 1258 2545 .

83 2581 174 2675 cipit,
188 2589 217 2648 si
228 2602 354 2667 monet,
366 2588 403 2650 si
418 2587 560 2666 mordet,
578 2598 629 2649 est
644 2584 800 2671 prudens,
825 2597 876 2646 est
890 2585 988 2666 lenis,
1013 2602 1063 2651 est
1077 2587 1185 2675 aspe'r:
1276 2630 1278 2632 v

82 2696 113 2755 si
128 2701 396 2754 oratorcaussam
412 2690 490 2769 agit,
515 2701 566 2752 est
585 2683 758 2764 facundus,
782 2698 909 2765 acutus,
931 2689 1066 2756 solidus.
1110 2690 1187 2756 De..

82 2796 184 2878 nique
201 2786 454 2857 adeotoecundo
469 2792 643 2874 flexilique
660 2791 753 2853 valet
768 2788 916 2867 ingenio,
935 2802 972 2851 ut
986 2792 1187 2883 velutiPro-

80 2911 157 2960 teus
174 2910 291 2954 omnes
304 2891 437 2967 formae,
460 2893 566 2955 veluti
585 2888 808 2955 Chamaeleon
827 2910 943 2959 omues
957 2894 1118 2956 orationis
1132 2916 1187 2958 oo·
1227 2878 1243 2913 's

79 3001 169 3063 tores
193 2993 371 3075 suscipiat:
402 2993 561 3074 varioque
591 2995 670 3073 styli
695 2994 854 3076 penicillo
876 2993 969 3054 varia
990 2980 1196 3074 argumenta

82 3100 256 3182 explanet,
288 3093 366 3155 dum
381 3096 419 3155 in
440 3095 596 3173 gravibus
617 3096 767 3174 exsurgit
785 3078 953 3173 sublimis,
970 3096 1012 3155 'in
1027 3098 1184 3162 tenuibus

80 3198 206 3265 incedit
228 3197 384 3273 humilis,
411 3197 448 3258 in
471 3194 591 3257 mediis
616 3196 704 3258 inter
721 3206 903 3280 'utrumque
927 3195 1059 3257 dicendi
1080 3217 1185 3276 genus

80 3308 187 3366 fertur
206 3299 354 3363 medius:
378 3319 511 3385 semper
527 3297 687 3360 sacrificat
701 3298 946 3383 perspicuitati:
969 3298 1074 3359 sicubi
1090 3300 1186 3361 lubet
1292 3315 1300 3333 '

82 3406 316 3466 obscuritatem
329 3403 516 3479 adfectare,
546 3399 664 3461 dextre
684 3399 728 3463 id·
742 3400 849 3462 facito
884 3400 936 3462 Ex
959 3401 1078 3484 quibus
1099 3421 1185 3464 con·-

81 3518 156 3581 stat,
178 3505 308 3567 nullum
323 3512 396 3566 esse
410 3506 595 3581 authorem,
614 3522 679 3586 quo
697 3501 901 3567 commodius
915 3503 965 3564 uti
981 3502 1096 3586 possit,
1111 3502 1183 3586 qui·
1198 3565 1207 3571 ,

81 3627 218 3689 cumque
237 3605 363 3669 Graece
382 3605 507 3669 discere
528 3604 686 3668 studebit.
728 3602 807 3682 Hic,
825 3606 854 3665 si
867 3605 956 3667 locos
980 3616 1070 3676 recte
1092 3604 1185 3668 deli-

78 3728 150 3787 ιιι,
181 3710 356 3788 tyronibus
383 3710 449 3771 est'
469 3709 595 3787 facilis,
634 3706 898 3792 provectioribus
934 3704 1184 3790 adcommodus,

79 3807 203 3872 Graeca
225 3812 339 3891 lingua
357 3816 424 3891 jam
445 3813 546 3895 plene
563 3809 699 3874 imbutis
721 3809 825 3869 utilis.
869 3806 954 3872 Ilinc
970 3809 1184 3872 florentissi-

76 3911 141 3973 mis
160 3909 314 3996 Europae
333 3902 512 3996 gpmnasiis
537 3909 897 3989 commendatissimas,
921 3921 958 3973 ιιι
973 3930 1017 3972 ex
1038 3929 1079 3971 ao
1103 3922 1181 3973 stu·-
1236 3924 1239 3929 ·

76 4009 171 4075 dio'sa
190 4015 367 4098 juventus,
397 4027 567 4101 tamquam
591 4035 637 4097 ex
663 4016 926 4123 festapum
952 4004 1184 4080 Graecismum
1243 4074 1251 4099 „
1283 4048 1287 4065 ι
