2640 4680
177 362 673 425 sonrrrrsour
723 362 1041 443 nuperius.
1102 371 1175 424 uxr

64 515 166 579 Srcici
176 521 263 585 3000
278 511 430 574 drachmis
447 514 556 573 emerit.
577 514 583 525 “
604 508 799 578 Illa-antem
811 515 926 592 rerba,
941 513 1054 598 ersom
1072 518 1183 585 adino

62 633 211 702 rupem,
232 610 394 679 indicium
407 619 581 701 praebent,
602 617 669 692 jam
683 613 818 698 aliquod
831 626 964 702 tempus
973 619 1013 679 ab
1030 617 1172 703 Epicte-
1196 606 1200 627 ¹

61 720 90 783 ti
109 730 223 782 'morte
239 721 398 804 elapsum.
441 714 605 779 Eumdem
624 736 705 778 vero
723 716 876 779 libellum
896 717 1025 782 Advers.
1050 721 1170 790 Indocc.
1251 743 1257 789 ,·

60 822 224 906 scriptum
246 835 322 882 esse
352 819 466 905 paullo
486 829 563 903 post
584 815 758 897 Peregrini
783 818 822 879 in
843 838 960 897 rogum
985 823 1170 895 insilientis

59 935 223 1000 mortem,
249 920 347 984 docet
367 944 395 984 c.
422 917 483 986 14.⁴
499 920 558 982 ubi
581 919 658 980 heri
678 929 713 979 et
733 915 856 980 nudius
877 921 997 984 tertius
1022 925 1169 1011 aliquem

61 1022 186 1107 emisse
201 1027 273 1102 ejus
288 1024 461 1101 baculum,
484 1012 598 1084 refert.
645 1017 794 1105 Cumque
816 1018 893 1080 Aul.
921 1017 997 1083 Gall.
1012 1022 1097 1107 XII,
1115 1039 1165 1098 11,

59 1115 236 1203 Peregrini
251 1122 339 1202 vivi,
362 1124 495 1209 quicum
510 1124 583 1206 ipsc
598 1122 781 1184 'collocutus
797 1122 859 1199 sit,
881 1124 1084 1206 meminerit,
1107 1132 1168 1193 ni·

59 1225 112 1289 hil
127 1223 169 1288 de
183 1231 255 1305 ejus
268 1236 393 1304 morte,-
413 1238 517 1310 patet,
537 1225 716 1286 Lucienum
733 1235 767 1285 et
784 1221 881 1284 Gellio
898 1227 1082 1321 aequalem,
1105 1228 1167 1295 sed
1280 1264 1283 1269 ¹

60 1339 97 1390 et
115 1328 289 1412 aliquanto
301 1327 531 1410 posteriorem.
580 1325 753 1404 Peregrini
779 1335 890 1387 autem
917 1326 1003 1387 hanc
1022 1342 1166 1396 mortem

42 1442 48 1454 ·
61 1429 240 1508 contigisse
256 1429 388 1490 Salanus
403 1429 573 1490 existimat
587 1447 675 1489 anno
690 1421 815 1486 Christi
830 1421 968 1489 CLXV.
993 1431 1080 1515 quod
1096 1455 1166 1498 non

57 1543 226 1617 repugnat
239 1531 444 1610 sententiae,
471 1531 592 1613 nempe
604 1526 794 1612 Epictetum
813 1537 887 1590 tum
906 1531 976 1606 jam
997 1518 1167 1616 aliquam-
1192 1522 1200 1625 ι’

60 1629 120 1694 diu
150 1645 333 1704 anteesse
363 1630 572 1709 defunctum,
610 1650 685 1692 cum
707 1626 867 1716 Lucienus
888 1629 1017 1694 Advers.
1046 1624 1166 1702 lodoci.¹

59 1731 239 1812 scriberet,
267 1732 417 1817 adeoque
440 1735 616 1793 Lucienum
642 1751 719 1792 eum
735 1730 885 1814 potuisse
908 1731 1035 1799 ridere.
1065 1735 1166 1800 'Falli

58 1844 176 1897 tamen
191 1832 417 1896 Bourdelctium
431 1848 565 1920 putem,
595 1833 654 1919 qui
668 1830 841 1913 Lugiorum
860 1831 1013 1917 Epicteto
1030 1849 1164 1903 mortuo
1242 1900 1245 1905 .

60 1932 198 1997 demum
211 1947 327 1999 natum
339 1937 472 2016 statuit3
502 1936 530 1998 si
544 1939 600 1999 hic
616 1955 722 1998 senex
736 1936 796 1996 sub
812 1933 944 1997 Nerone
959 1939 1028 2015 jam
1042 1940 1164 2003 virens
1291 1927 1298 1948 ⁸

58 2031 214 2102 Adriano
227 2036 429 2114 familiaris,
444 2036 516 2118 (vid
531 2035 602 2096 Aet.
620 2035 722 2116 Spart.
737 2059 762 2098 c.
779 2043 829 2102 16.
847 2057 880 2120 p.
890 2038 985 2117 '159.)
1009 2038 1051 2100 ad
1068 2038 1166 2103 Mar.

61 2157 136 2199 cum
153 2155 274 2218 'usque
292 2136 399 2205 vitam
417 2138 619 2220 protraxisse
640 2136 767 2219 potuit,
795 2150 834 2199 ut
851 2137 952 2199 etiam
973 2135 1167 2202 &carbones

61 2238 173 2301 obiter
192 2247 309 2298 monet
331 2235 372 2297 ad
392 2239 416 2298 l.
433 2235 464 2299 d.
487 2237 625 2301 Vixisse
639 2248 752 2300 autem
770 2239 1166 2323 Lucionam·aliquamdin

61 2350 138 2423 post
158 2336 365 2420 Epictetum,
389 2339 499 2401 'etiam
519 2349 680 2422 patetex
693 2338 827 2401 Luciani
845 2338 942 2399 Alex.
962 2358 1032 2426 cap.
1055 2347 1086 2407 2.
1107 2339 1167 2403 ubi
1243 2354 1249 2367 ⁸

62 2439 202 2503 Arriani
215 2436 361 2523 Epicteti
378 2439 532 2525 discipuli
546 2441 711 2518 meminit,
735 2440 911 2526 etquidem
927 2453 1096 2528 tamquam
1110 2439 1168 2515 de·

63 2544 187 2621 functi,
216 2541 275 2602 ubi
297 2544 411 2604 confer
431 2552 500 2604 not.
525 2539 649 2621 Saloni,
679 2542 799 2607 acrid.
821 2542 953 2604 eumdem
971 2540 1014 2604 ad
1035 2542 1167 2614 ejusdcm
1220 2570 1225 2579 ·

64 2643 162 2707 Alex.
186 2663 256 2727 cap.
278 2648 331 2709 48.
356 2654 391 2704 et
417 2665 489 2729 cap.
505 2648 555 2712 56.
578 2646 636 2708 ubi
656 2643 844 2711 Alexandri
862 2643 1001 2708 insidias
1024 2647 1167 2708 Lucieno

10 2755 13 2764 '
64 2755 206 2808 structas
224 2745 400 2824 contigisse
415 2766 503 2807 anno
525 2743 649 2828 Christi
670 2747 800 2809 circiter
819 2743 960 2810 CLXX·
978 2747 1176 2830 probabili--

64 2857 118 2910 tor
130 2843 270 2924 adserit,
292 2866 358 2930 quo
378 2841 536 2907 Lucienus
556 2849 594 2909 in
614 2848 697 2910 floro
722 2844 841 2911 aetatis
857 2844 966 2910 adhuc
980 2858 1086 2926 esset,
1109 2847 1174 2935 qui·

64 2962 195 3033 patrem
211 2965 308 3008 suum
317 2946 434 3023 vivum
448 2945 573 3012 ibidem
589 2963 835 3014 commemoret·
880 2947 975 3010 Unde
993 2968 1054 3028 ego
1067 2946 1168 3033 porris

68 3051 205 3128 colligo,
237 3066 313 3111 cum
327 3042 487 3113 Lucienus
502 3048 698 3115 Alexandro
714 3051 956 3134 supervixerit,
987 3069 1093 3133 eoque
1107 3046 1170 3112 deu¹
1276 3131 1287 3138 -

67 3171 160 3213 mum
172 3160 305 3212 mortuo
325 3147 449 3210 librum
470 3168 567 3214 suum
578 3162 691 3214 contra
706 3153 816 3239 ipsum
832 3150 985 3228 ediderit,
1008 3161 1047 3211 ut
1065 3146 1170 3214 refert

69 3273 137 3337 cap.
160 3255 214 3318 59.
245 3271 322 3312 eum
350 3249 538 3332 miserrime
560 3253 717 3336 periisse,
750 3252 901 3316 nondum
924 3249 1033 3315 LXX
1063 3267 1169 3315 annos
1194 3267 1198 3275 ·

69 3363 193 3429 natum,
216 3371 321 3435 aeque
336 3371 373 3412 ac
387 3349 570 3431 Rutiliano,
593 3355 652 3438 qui
667 3352 708 3417 ad
721 3355 931 3440 septuaginta
945 3347 1182 3418 anuos'vitam·

69 3453 237 3540 produxit,
261 3454 474 3535 superstitem
489 3473 525 3516 se
541 3454 668 3517 vixisse
684 3466 825 3518 testatur·
847 3453 921 3517 eod.
943 3452 1042 3517 Alea.
1058 3473 1094 3517 ·c.
1115 3458 1175 3522 84ae
1243 3451 1246 3456 ’

68 3558 92 3617 f.
109 3576 209 3639 quem
225 3577 299 3616 cum
313 3557 566 3634 sexagenarium
582 3555 717 3621 duxisse
732 3555 921 3639 Alexandri
933 3556 1038 3617 filiam
1054 3557 1169 3635 refert,
1230 3606 1234 3613 ,

68 3655 156 3742 quod
176 3653 321 3719 Lucieno
339 3651 475 3727 ridente
491 3658 645 3738 contigit,
667 3659 766 3721 facile
779 3669 890 3743 patet,
913 3658 1088 3720 Lucionum
1101 3674 1173 3717 non

52 3760 175 3822 -solum
198 3760 345 3842 reliquos
369 3755 408 3818 X
428 3778 532 3820 annos
560 3757 742 3838 Rutiliani,
765 3758 877 3822 sedet
897 3762 1010 3845 plnres
1031 3756 1171 3820 vixisse.

10 3888 13 3899 ·
67 3856 166 3923 I'lura
180 3862 248 3923 alia
263 3857 394 3920 Salanus
409 3857 451 3920 ad
466 3881 492 3920 c.
509 3863 559 3927 35.
584 3882 681 3944 quem
698 3871 732 3922 et
750 3854 864 3924 confer
883 3861 925 3926 ad
939 3856 1089 3938 ejusdem
1098 3878 1171 3942 cap.

67 3967 99 4028 4.
115 3965 146 4029 5.
159 3975 194 4024 et
208 3971 259 4030 30.
278 3973 312 4022 et
325 3961 368 4024 ad
390 3961 583 4021 Demonacrir
607 3981 677 4047 cap.
703 3970 732 4027 1.
755 3962 812 4024 ubi
834 3961 1074 4025 Demonactem
1095 3951 1173 4029 Lu·-
1275 3952 1278 3958 ’

66 4065 154 4126 dono
173 4065 294 4149 partim
309 4063 492 4149 aequalem,
514 4064 635 4147 partim
657 4063 877 4146 anteriorem,
899 4064 1004 4127 fuisse
1023 4059 1173 4146 quadra·
1250 4104 1254 4116 ,

98 4165 216 4217 Lucium
239 4162 337 4222 Veii.
511 4168 512 4171 ’
624 4207 627 4214 ,
896 4186 901 4195 ·
951 4162 966 4207 t
