2640 4680
166 368 300 443 sacru,
425 332 498 415 uu
559 338 855 433 s'urs‘cu,
911 330 1077 417 vira

168 520 279 612 Ipsius
300 527 414 598 tamen
431 508 593 574 historiae
615 521 729 573 textus
750 508 833 575 adeo
849 522 956 578 certus
981 529 1080 604 atque
1099 518 1137 582 in
1151 502 1273 604 vul'gua

170 638 269 692 notus
289 626 376 695 erat,
405 624 443 676 ut
466 612 634 700 suspicari
646 633 717 677 nou
735 613 851 695 liceat,
881 612 1060 684 veritatem
1074 625 1116 686 ab
1134 642 1176 686 eo
1199 643 1272 707 ease

168 726 398 793 adulteratam.
490 788 493 792 ⁴
811 725 817 737 “

85 898 93 913 ·
124 844 129 853 ³
205 840 210 848 ⁷
251 868 410 955 Ejusdem
427 867 527 935 Tomi
550 892 581 957 p.
599 876 672 939 724.
697 870 906 935 Tillemonrius
927 872 1091 961 quaedam
1113 874 1155 940 de
1170 874 1271 943 Lucio

165 980 310 1046 Patrensi
330 978 450 1054 refert,
472 975 531 1058 qui
553 985 667 1036 auctor
686 977 793 1038 fertur
813 974 944 1057 Dialogi
965 973 1007 1038 de
1028 980 1218 1043 mutatione
1236 980 1271 1045 iu

67 1110 85 1145 .·
130 1100 134 1111 ’
167 1074 318 1157 asinum,
342 1098 385 1140 ex
406 1101 471 1163 quo
485 1076 642 1143 Lucienus
655 1088 760 1159 aeque
780 1087 882 1162 atque
898 1077 1051 1159 Apulejus
1073 1100 1167 1145 suam
1182 1084 1272 1147 hau·
1306 1076 1309 1081 ’

160 1187 276 1252 'serint
295 1168 585 1244 nairatiunculam.
631 1173 717 1259 [Sed
739 1198 813 1242 cum
836 1200 879 1241 ex
901 1178 1270 1265 VossiiHist.Gr‘.haec
1312 1238 1314 1249 .

167 1298 301 1353 tantum
323 1280 467 1362 adterat,
496 1282 689 1366 Solanruque
709 1289 743 1340 ct
772 1277 914 1340 Gesnerns
937 1279 975 1343 in
997 1284 1087 1345 notis
1107 1283 1150 1347 ed
1170 1287 1271 1377 istum
1304 1262 1314 1316 ³

168 1386 258 1456 Dial.
272 1406 341 1471 cap.
359 1392 387 1451 l.
410 1388 474 1447 hoc
491 1385 661 1468 aliquanto
684 1380 834 1463 pluribus
843 1379 1010 1461 dixerint,
1024 1385 1142 1455 ,isthoc
1164 1388 1283 1470 mictu.

61 1497 89 1558 ’,
173 1488 294 1552 Gesturi
316 1488 502 1550 sententiae
530 1487 665 1550 interim
693 1484 830 1546 omuino
858 1481 1074 1564 adsentiens,
1096 1484 1268 1552 Lucterium
1291 1548 1298 1575 ,

169 1588 235 1657 ista
256 1590 445 1674 scripsisse3
468 1587 563 1651 stilus
578 1587 669 1649 enim
690 1597 724 1649 et
739 1586 912 1666 ingenium
931 1586 1029 1670 plane
1050 1589 1268 1675 respondent:

172 1692 233 1758 aad
249 1692 417 1755 fictionem
438 1691 552 1752 forsan
573 1708 616 1748 ex
636 1689 741 1750 altero
757 1690 925 1762 litusisse,
948 1685 1083 1755 insertis
1096 1691 1166 1754 suis
1179 1696 1271 1775 jocis,

128 1850 132 1857 .
172 1796 293 1883 quibus
308 1789 547 1867 absurditatem
564 1789 714 1868 subulae,
738 1803 771 1852 et
788 1788 961 1851 hominum
981 1799 1094 1875 turpes
1109 1776 1266 1859 rnores'ac

171 1891 448 1985 superstitionem
464 1889 648 1969 derideret3
678 1889 756 1952 licet
776 1889 899 1954 idcirco
918 1887 1080 1955 lascivum
1101 1895 1166 1958 huc
1187 1898 1265 1960 scri-

78 2002 81 2007 *
171 1987 391 2080 bendi'ganus
408 1991 548 2059 minime
561 1993 729 2078 probem]

257 2147 457 2224 Broaaarrrr
472 2146 595 2212 caeteri
613 2146 673 2209 vix
687 2141 865 2231 quidquam
888 2144 929 2209 de
942 2137 1090 2211 ‘Iunciano
1105 2145 1264 2230 singulare
1276 2178 1289 2185 ·

157 2249 345 2334 'adiuratum
367 2250 425 2314 sed
442 2247 571 2311 Suidom
586 2251 657 2313 fere
680 2249 1006 2335 solumse'quurrtur,
1028 2250 1086 2312 rel
1099 2248 1266 2313 Borrae-

171 2363 266 2433 tium,
289 2376 386 2437 aquo
405 2354 489 2414 circa
511 2352 576 2414 iter
591 2348 727 2412 Lucana
747 2362 862 2412 tamen
882 2352 1089 2437 aliquantum
1111 2330 1279 2441 discrepat¹

172 2457 203 2526 J.
220 2457 252 2520 0.
273 2455 399 2517 Iscllnus
422 2455 459 2513 iu
475 2450 604 2514 Loxico
626 2449 808 2513 universali
828 2450 994 2516 Historico
1008 2492 1032 2504 -
1046 2451 1265 2540 Geugraphico

171 2561 257 2624 haec
272 2559 441 2630 referens3
465 2573 549 2636 quae
563 2549 685 2615 addere
708 2552 819 2616 visum
842 2557 925 2634 fuit,
948 2559 1025 2642 quia
1052 2578 1170 2641 corpus
1189 2554 1267 2621 illud

174 2659 372 2726 Germanice
393 2655 614 2740 conscriptum
631 2674 812 2740 paucorum
836 2656 871 2717 in
896 2659 1049 2743 manibus
1067 2672 1138 2723 esta
1161 2658 1268 2741 Initio,

108 2811 109 2815 ,
174 2767 242 2841 uit,
267 2757 470 2824 caussidicus
485 2749 629 2819 evadere
646 2754 789 2834 studuit3
813 2756 872 2821 sed
887 2782 960 2823 cum
973 2760 1055 2823 lites·
1065 2764 1217 2828 forenses
1240 2763 1270 2827 ei

163 2861 406 2949 displicerent,
436 2858 669 2945 philosophiae
693 2876 730 2919 ac
751 2860 929 2944 praecipue
952 2863 1118 2927 oratoriae
1138 2881 1270 2951 operam

125 3036 128 3041 ¹
172 2964 282 3042 dedit3
304 2970 442 3046 tumque
466 2963 573 3046 primo
590 2959 804 3041 Antiochiam
828 2964 1013 3028 habitatum
1033 2968 1214 3050 concessit,
1235 2988 1269 3033 ac

126 3052 129 3057 ¹
172 3063 296 3130 deinde
323 3050 455 3127 Ioniam
484 3075 655 3147 totamque
685 3059 857 3128 Graeciam
881 3069 1084 3151 peragravit,
1116 3067 1207 3134 unde
1235 3070 1284 3134 in·

102 3159 105 3164 ’
172 3166 317 3233 Gelliam
332 3178 430 3252 atqua
449 3162 583 3229 Italiam
598 3186 634 3228 se
652 3164 807 3244 contulit,
830 3187 867 3228 uc
887 3164 1022 3230 tandem
1038 3189 1100 3253 per
1113 3167 1274 3247 Macedo-a

79 3282 81 3286 '
155 3271 264 3338 ,uiam
284 3269 320 3332 in
341 3263 613 3354 patriam'rediit.
658 3266 711 3330 Ex
732 3246 969 3343 nonnullorum
992 3271 1157 3335 relatione
1169 3254 1272 3339 vitain

168 3373 214 3453 'ad
228 3380 270 3442 90
283 3389 388 3435 annos
407 3367 583 3454 produxit,
607 3369 769 3433 sciliceta
793 3334 1273 3455 tempore‘lmperatorisTra·

79 3505 82 3514 ·
154 3475 263 3555 jani,
290 3475 376 3536 ultra
396 3471 499 3534 finem
519 3471 655 3555 imperii
675 3469 720 3534 M.
740 3468 889 3547 Aurelii,
923 3473 1073 3557 subque
1098 3486 1220 3558 magna
1237 3477 1273 3539 in

120 3559 123 3567 ³
168 3579 333 3659 dignitate
362 3573 470 3675 vixit,
497 3577 750 3658 praefectusque
778 3568 1017 3653 Imperatoriae
1047 3575 1199 3661 Aegypti
1224 3574 1274 3653 est

169 3681 382 3744 constitutus.
428 3674 505 3738 Fuit
521 3673 654 3760 quidem
675 3673 797 3737 summi
819 3672 872 3736 vir·
891 3673 1020 3753 ingenii
1042 3687 1142 3760 atque
1165 3678 1274 3749 erudi.

167 3779 290 3856 tionis,
319 3774 379 3838 sed
399 3776 485 3837 nulli
503 3776 659 3856 religioni
681 3772 849 3853 addictus,
873 3795 910 3836 ac
935 3794 1048 3839 scurra
1065 3775 1276 3845 Christianae

166 3879 398 3963 Ethuicaeque
420 3876 598 3964 doctrinae.
649 3877 768 3942 Fertur
794 3874 961 3962 quondam
984 3875 1276 3946 Christianismum

104 4032 108 4041 .
168 3987 358 4069 professus,
381 3992 415 4043 et
432 3989 568 4064 propter
580 3980 776 4043 dissolutam
788 3979 894 4041 vitam
907 3999 927 4039 a
941 3977 1008 4045 side
1029 4001 1142 4046 rureua
1165 3976 1278 4046 dasci-

165 4085 269 4152 ri'sse.
315 4081 429 4145 Saittai
443 4103 462 4146 e
476 4082 611 4146 canibus
627 4079 828 4167 discerptum
842 4078 964 4166 prodit.
1009 4082 1178 4155 Arcturus
1190 4104 1275 4151 reru
