2640 4680
150 310 296 385 osxvru'
331 329 408 379 so.
459 328 701 387 naara.
757 288 1073 379 ussurus

151 480 205 547 De
222 477 351 563 Catone,
371 489 421 549 et.
433 477 618 543 Colamlloo
638 481 725 543 libro
747 479 804 564 qui
824 460 936 562 potuit
951 493 1015 539 -me
1038 438 1171 558 sugere,
1196 477 1265 541 nisi

152 601 322 669 peponem
345 579 525 673 proportio
546 578 732 649 haberem?
761 582 820 667 qui
841 578 1052 644 familiariter
1067 598 1135 663 ‚per
1151 579 1265 665 plures

61 708 66 719 ’
155 684 262 748 moos
281 684 319 747 in
340 682 411 745 illis
431 700 601 762 versarer,
620 686 685 770 ¹qui
702 682 740 746 in
755 682 907 747 Lexieon
924 678 1267 745 illulrusticumro-

154 789 281 851 ferrem
294 784 430 849 illorum
449 789 631 865 formulas,
654 787 713 871 qui
730 777 966 871 componerem
988 782 1068 845 hinc
1088 781 1266 865 seriptores

155 891 246 954 inter
261 910 315 971 se,
336 887 417 949 hino
433 907 545 950 secum
560 891 635 973 ipso
646 906 935 973 unumquemque,
956 883 1036 949 hino
1056 902 1173 946 omnes
1189 904 1267 945 curn

158 992 275 1055 Plinio,-
298 1009 362 1074 qua
381 988 418 1051 in
434 1010 470 1052 re
482 992 568 1073 aneis
581 1013 637 1056 me
653 992 758 1055 oeulis
777 1008 893 1071 usaun,
917 988 1013 1053 docet
1032 989 1105 1070 ipsa
1126 986 1186 1047 illa
1201 982 1268 1046 ad-

159 1091 302 1175 legandi
311 1093 481 1176 ratio,qua
498 1112 600 1157 nemo
616 1105 694 1156 ante
707 1113 762 1157 me
776 1113 857 1156 usus
872 1104 935 1170 est,
942 1093 1016 1175 ipsa
1027 1090 1087 1153 illa
1106 1084 1275 1170 adscripta.

161 1199 234 1259 loca
250 1195 409 1281 parallelo
425 1193 664 1259 demonstrant.
696 1191 802 1274 Igitur
820 1213 1000 1277 numquam
1014 1190 1101 1255 milri
1119 1190 1155 1251 in
1167 1208 1271 1251 men-

161 1308 233 1361 tem
252 1282 348 1359 uenit
367 1296 520 1376 gloriari,
543 1309 714 1382 tmnquam
735 1295 880 1361 uiderim
902 1292 1029 1378 aliquid
1045 1294 1084 1357 in
1103 1289 1214 1353 Corone
1236 1301 1272 1353 et

167 1394 348 1471 Columellau
367 1397 408 1461 de
434 1393 606 1463 arboribus
625 1398 729 1467 libros
760 1395 819 1465 sed
843 1393 1013 1482 stupidum
1031 1415 1087 1465 me
1108 1405 1273 1478 putarem,

166 1510 201 1562 et
218 1500 391 1579 obtusum,
413 1502 442 1565 si
461 1523 530 1564 non
553 1482 716 1565 vidisseni'
734 1497 894 1563 Cotonioni
912 1485 992 1561 libii
1007 1498 1088 1559 lrino
1109 1494 1272 1569 defectus,

165 1600 245 1664 hinc
260 1590 562 1685 interpolationes,
579 1602 788 1667 Golamellioni
802 1614 914 1665 autem
939 1597 1050 1685 operis
1069 1598 1276 1682 praelectio-

168 1721 247 1780 nem
260 1704 448 1787 repetitam.
479 1705 516 1767 Si
529 1707 587 1771 alii
601 1712 688 1768 ante'
699 1724 760 1767 nos
773 1706 855 1765 haec
874 1723 943 1764 non
953 1697 1123 1780 viderunt,
1142 1700 1275 1763 nonin-

63 1852 66 1859 .
169 1804 306 1882 genium
326 1803 395 1865 illis
417 1802 563 1869 defuisse
586 1819 695 1891 puto,
709 1805 768 1868 sed
793 1807 876 1879 hoc,
900 1800 988 1888 quod
1011 1804 1047 1864 in
1065 1804 1275 1888 praefatione

170 1903 368 1969 rusticorum
380 1909 581 1987 memoravi,
604 1907 695 1995 quod
709 1905 925 1970 desultoriam
940 1903 1041 1967 nimis
1057 1925 1194 1990 operam
1210 1926 1276 1969 na-

172 2024 253 2066 vare
275 2006 386 2069 solent
401 2008 496 2071 libris
510 2011 657 2095 antiquie
680 2009 849 2094 plerique,
872 2005 961 2091 quod
985 2026 1053 2069 non
1069 2025 1138 2069 nno
1158 2018 1277 2082 tenore

171 2106 307 2185 legunt,
329 2128 398 2171 non
416 2112 617 2175 contrahunt
632 2133 706 2175 curn
720 2112 765 2175 iis
787 2110 989 2198 penitiorem
1009 2108 1106 2173 velut
1128 2107 1280 2171 familia-

120 2228 127 2255 ⁴
173 2207 318 2291 ritatem.
368 2209 534 2293 lineata,
561 2213 709 2278 Reitzi
733 2212 1036 2299 praestantissime,
1065 2227 1146 2273 vere
1177 2229 1197 2270 a
1224 2220 1279 2271 me

175 2305 240 2387 dici
255 2330 295 2373 eo
318 2313 450 2376 lucilius
470 2316 611 2395 senties,
633 2337 701 2400 quo
722 2317 819 2400 plura
837 2315 905 2377 tibi
920 2314 977 2375 vel
995 2312 1052 2373 hin
1073 2311 1146 2392 ipse
1167 2322 1282 2371 noster

174 2404 351 2473 Lucienus
374 2413 603 2529 suppeditavit
617 2421 689 2495 ejus
705 2417 756 2479 rei
771 2411 963 2500 specimina.
1007 2410 1045 2473 si
1062 2424 1177 2473 tamen
1197 2412 1283 2471 sub·-

177 2507 272 2573 ‹lolus
294 2514 350 2574 hic
364 2515 433 2588 lui,
464 2516 494 2577 si
513 2514 674 2579 invadere
697 2515 838 2596 gloriam
856 2511 1043 2574 alienorum
1065 2506 1282 2575 inventorum

178 2614 333 2691 polui,
306 2635 335 2675 sa
347 2636 446 2698 porro
461 2596 599 2687 oonsilio
614 2615 770 2683 omittere
780 2610 960 2675 Pontedera
973 2611 1058 2677 alias
1069 2614 1284 2676 obseruatio-

176 2728 237 2783 nes
249 2732 358 2783 ausus
378 2736 469 2783 sum:
497 2715 571 2804 quis
595 2738 650 2783 me
666 2730 810 2805 stupor,
830 2726 888 2780 aut
910 2735 995 2800 quae
1021 2711 1141 2794 religio
1158 2717 1283 2796 tenuit,

177 2834 243 2898 quo
257 2816 370 2887 minus
386 2839 426 2881 ea
440 2820 649 2900 omitterem,
669 2808 839 2906 inquibus
853 2819 913 2880 ills
925 2817 1068 2885 inuenta
1079 2819 1280 2881 hecatombe

83 2912 87 2917 ’
177 2915 277 2997 digna
290 2920 456 2983 Pontedera
473 2922 674 3010 proposuit?
693 2920 783 3003 'Quis
802 2941 872 2987 non
894 2923 1005 2985 furem
1021 2918 1227 3002 rideanaeqai
1247 2923 1284 2980 in

178 3017 473 3113 divitemzdomum
487 3027 625 3089 ulrseot‘e
640 3025 820 3112 permulta
835 3023 947 3085 millia
966 3032 1125 3105 passuum
1149 3017 1284 3083 domino

177 3124 234 3207 ubi
246 3123 398 3209 irrepsit,
424 3139 460 3190 et
480 3128 559 3191 satis
574 3130 735 3212 temporis
756 3124 872 3191 hahuit
894 3143 955 3187 suo
977 3124 1137 3187 arbitratu
1159 3124 1287 3205 optima

178 3245 330 3310 quaeque
347 3214 522 3309 eligendi,
538 3226 667 3309 deinde
690 3210 805 3290 scruta
824 3223 986 3311 quaedam
1012 3243 1125 3285 secum
1146 3227 1287 3304 auferat,

181 3327 330 3410 pretiosa
349 3332 509 3412 monilia,
539 3345 573 3394 et
593 3332 666 3395 auri
686 3332 782 3392 fiscos
798 3330 948 3395 intactos,
959 3324 1150 3408 relinquat?
1193 3323 1286 3389 Talis

179 3448 241 3507 ego
254 3435 425 3512 profecto,
448 3444 518 3497 tarn
529 3447 659 3498 astutus
678 3430 837 3511 Autolyci
849 3428 891 3491 de
903 3441 1002 3506 gente
1018 3431 1074 3490 fur
1087 3447 1181 3504 sum,
1202 3427 1231 3488 si
1248 3447 1289 3491 ea

181 3530 365 3596 subducere
382 3538 495 3616 volui,
517 3535 695 3621 dequibus
712 3552 811 3616 supra
826 3529 1032 3607 dictum.est;
1055 3530 1216 3613 publicari
1232 3551 1289 3592 au,-

181 3644 252 3716 tem
270 3656 344 3698 cum
360 3638 495 3701 nornine
511 3637 693 3707 Pontederae
710 3636 821 3699 curaui
831 3670 851 3710 ,-
865 3646 900 3694 et
913 3631 955 3695 ad
972 3654 1011 3695 ea
1025 3633 1161 3713 insuper
1178 3633 1290 3694 lecto—

178 3755 253 3800 rem
266 3739 404 3816 remisi,
427 3740 545 3823 quibus
563 3739 751 3823 suppressis
764 3737 849 3801 milri
864 3737 1010 3801 tribuere
1028 3734 1163 3814 pulchra
1182 3753 1292 3817 quae-

183 3834 267 3903 dam
285 3841 426 3903 inventa
451 3842 488 3904 in
510 3839 662 3904 solidum·
681 3853 864 3923 poteram·
893 3835 949 3902 Ad
973 3856 1139 3901 summum
1164 3837 1291 3898 crimen

175 3937 321 4011 accedo,
353 3939 476 4026 inquo
499 3944 750 4005 commotiorem
783 3942 886 4003 luisse
906 3938 1122 4001 moderatum
1143 3938 1293 4020 alioquin

184 4040 379 4127 sinamus
394 4043 467 4131 ipsa
479 4045 638 4130 loquitur,
658 4042 765 4113 idest
778 4045 895 4124 verba,
914 4041 1034 4127 qnibps
1043 4041 1157 4125 ¹utimr
1168 4062 1203 4126 p.
1217 4042 1291 4106 aaa.

1212 4234 1234 4279 l
