2640 4680
160 330 1057 429 csxxruto.rn'no.nr1rzrr

88 536 92 543 =
162 500 225 562 ult.
251 517 295 559 ex
315 507 430 559 mente
452 492 603 559 Solani
625 483 886 581 dispescuimus,
908 514 956 558 ne
973 513 1057 580 opus
1085 496 1272 589 essetsin-

165 601 259 682 gulas
271 595 497 678 adlegationes
510 602 658 675 mutare,
679 592 770 683 quod
784 597 821 658 io
839 595 882 659 iis
900 586 1010 663 facere
1027 599 1131 660 coacti
1145 617 1271 677 sumus,

167 720 252 788 quae
268 708 396 786 partem
408 700 502 762 illam
514 699 662 782 priorem
677 700 893 785 spectabant,
910 698 1064 782 ,exceptis
1078 684 1192 761 forsan
1206 700 1275 760 ali-

36 876 37 884 ,
168 800 340 885 quotlocia
356 819 416 883 per
435 797 838 863 festinationemmutarc
860 802 1039 882 neglectis,
1061 818 1146 885 quae
1168 801 1273 862 lector

93 882 119 965 ¹,
166 901 365 966 tamen'lrec
378 901 508 966 ratione
530 898 675 964 indicate
690 900 820 995 facilius
838 894 1003 964 inveniet}
1188 902 1193 916 '

254 1101 297 1167 In
308 1099 401 1166 hisce
413 1114 526 1168 tamen
540 1094 904 1168 interdumsublevatus¹
913 1122 987 1169 sum
999 1110 1162 1185 juvenum
1175 1126 1278 1192 prae·-

171 1204 452 1270 stantissimorum
483 1227 601 1291 opera,
646 1208 792 1290 primurn
826 1205 1056 1287 ,Theodori
1083 1207 1275 1273 Woert-

171 1315 328 1385 menni,
351 1310 408 1390 qui
422 1308 502 1371 olim
517 1309 680 1391 gymnasii
693 1310 800 1372 nostri
814 1303 1030 1396 coryphaeus,
1044 1314 1111 1389 iam
1125 1310 1162 1371 in
1179 1328 1275 1370 ceus-

121 1459 126 1471 .
173 1429 284 1472 sarum
299 1406 448 1494 patronis
464 1404 627 1475 exinr'ium
638 1421 734 1475 tenet
752 1411 881 1491 locum,
904 1409 1106 1498 procedente
1121 1422 1273 1494 tempore

155 1510 358 1596 ¹principem
375 1510 477 1571 etiem
494 1512 701 1596 obtenturus.
744 1509 816 1575 Hoc
835 1532 917 1578 uero
939 1514 1144 1594 gravioribus
1167 1532 1277 1591 nego-

172 1613 232 1677 tiis
255 1622 413 1695 occupato
425 1608 515 1671 idem
532 1614 694 1689 auxilium
715 1615 802 1676 mihi
824 1615 954 1698 partitis
980 1613 1108 1677 vicibus
1125 1613 1275 1697 praesti-

173 1698 247 1775 tere
269 1707 491 1791 Regnerus
514 1709 730 1798 Hernicus
753 1713 946 1791 Siblirtlr,
976 1715 1055 1776 etis
1072 1712 1276 1776 JurisDoc-

142 1877 144 1882 ,
176 1821 292 1875 sorex
304 1812 434 1874 meritis
454 1833 561 1897 nuper
574 1814 802 1892 renuntiatus,
825 1833 972 1875 necnon
992 1813 1012 1875 J
1021 1818 1175 1877 acobus
1198 1814 1278 1877 Go-

42 1983 46 1991 .
142 1911 431 1999 ,bius,eodem
449 1913 578 1976 honore
593 1915 689 1979 brevi
705 1918 824 1979 'lorssm
836 1914 1039 1978 rbactandus.
1084 1913 1145 1977 His
1162 1916 1275 2001 itaque

130 2069 133 2074 .
176 2008 349 2097 discipulis
368 2013 450 2077 olim
460 2014 630 2100 ,prunastr
652 2037 689 2079 ac
712 2014 930 2094 dulcissimis,
960 2017 1185 2080 nunc'amicis
1210 2038 1278 2100 op-

174 2111 286 2194 timis,
307 2113 373 2181 hoc
391 2117 528 2181 nomine
545 2131 688 2202 quantas
712 2137 847 2207 possum
875 2119 998 2201 gratias
1018 2137 1104 2200 ego·

260 2317 314 2382 Ex
337 2321 413 2385 clar.
435 2310 553 2385 doen.
576 2319 599 2384 J
605 2320 719 2386 ensii
739 2321 954 2386 Lectionibus
977 2322 1158 2386 Lucisneis
1180 2327 1279 2385 inse-

120 2405 124 2412 ⁴
142 2406 144 2411 ¹
175 2419 230 2483 rui
244 2420 372 2498 omnia,
395 2422 532 2483 resectis
546 2433 679 2484 tentum
686 2423 803 2507 'paucis
825 2423 1076 2487 excursionibus
1091 2422 1133 2486 ad
1146 2425 1279 2486 Lucio-

175 2544 247 2580 num
264 2509 337 2582 non'
349 2522 449 2605 plane
467 2521 709 2606 spectantibus,
732 2536 831 2608 atque
846 2521 883 2588 in
903 2509 1136 2606 compendium
1158 2526 1278 2591 redac-

177 2621 221 2684 tis
235 2621 369 2684 Luciam·
383 2616 551 2686 verbis'ab
569 2643 613 2700 eo¹
626 2623 778 2704 longiore
796 2623 884 2686 serie
903 2622 1088 2707 productis,
1111 2648 1196 2713 quae
1218 2651 1280 2692 re-

177 2724 250 2811 peti
272 2725 364 2787 nihil·
380 2743 462 2808 opus
486 2736 574 2804 eret,
606 2746 680 2788 cum
700 2726 813 2788 textui
832 2722 1090 2804 Lucianeo.jam
1111 2732 1281 2808 subiectae

155 2886 160 2897 Χ
177 2824 246 2889 sint
259 2825 341 2891 illes
352 2825 618 2906 observationes,
642 2846 765 2912 exque
781 2818 1088 2899 nexnszverborunr
1109 2828 1179 2916 peti
1195 2848 1279 2918 pot-

174 2939 246 2992 est..
280 2926 335 2992 ·Ut
355 2938 466 2993 autem
489 2928 655 3008 egregiam
676 2927 768 2990 illius
790 2925 831 2991 de
853 2944 918 2990 me.
934 2928 1060 3011 optime
1078 2932 1189 2993 meriti
1212 2934 1278 2996 viri

174 3030 213 3094 in
229 3031 372 3102 Lucieno
392 3028 606 3091 emaculando
624 3028 888 3113 operaru'mogni
906 3028 1276 3116 facio{···literarumque

172 3132 332 3216 peritiam
352 3133 391 3195 iu
416 3135 657 3210 sejurentute‚
681 3151 745 3214 que
764 3129 963 3195 illasLsctt.
980 3131 1189 3214 conscripsit,
1213 3131 1280 3205 ad-

175 3235 296 3314 miror,
312 3234 359 3297 ita
372 3234 446 3316 ipse
465 3253 533 3294 non
548 3218 761 3313 aegreferet,
775 3234 833 3294 ubi
848 3234 898 3294 bis
909 3243 1004 3295 terre
1015 3236 1133 3295 'temen
1150 3236 1188 3294 ab
1202 3233 1276 3316 ipso

175 3318 377 3412 dissensero,
396 3333 454 3396 sed
466 3333 760 3415 pari‘humarritate
777 3334 863 3398 mihi
878 3346 912 3397 et
927 3334 1008 3399 alibi
1021 3348 1081 3421 p'er
1091 3335 1278 3398 festinatio.

174 3456 256 3505 nem
265 3440 359 3524 lapso
371 3439 531 3516 ignoscet.
553 3452 569 3481 a
840 3454 845 3461 ·
955 3443 958 3447 “

187 3685 222 3707 ..,
258 3640 476 3712 Variantium
497 3652 610 3729 autern
630 3638 832 3708 Lectionum
854 3652 906 3707 sat
924 3645 1074 3727 amplum
1095 3642 1281 3721 catalogum

144 3774 146 3778 ⁴
173 3744 391 3812 absolone
413 3744 450 3806 in
470 3742 523 3809 e‘d.
541 3742 737 3822 Juntinem,
768 3757 925 3829 utsupra
949 3745 1082 3821 monui,
1111 3743 1279 3823 collatum,

147 3897 150 3903 .
173 3858 282 3913 totum
296 3844 482 3911 describere
496 3848 679 3933 lectorique
692 3847 874 3924 eutliibere,
896 3845 1064 3910 interdum
1087 3859 1120 3909 et
1140 3850 1221 3911 alies
1239 3850 1279 3911 ab

104 4000 111 4026 ,
175 3969 215 4012 eo
232 3946 528 4027 omissas-addere,
551 3958 707 4011 nonsutn
719 3949 927 4026 veritus,.ut
942 3945 1133 4032 adpareret,
1158 3961 1281 4036 quanta

117 4037 122 4050 ⁵
174 4047 784 4142 diligentiateditiomuucedicrnnque
800 4050 933 4131 collado
949 4049 1172 4115 sitinstituta.
1215 4048 1285 4118 In·-
