2640 4680
154 353 246 429 ‚att
437 362 1005 418 sorno'rsrr-orr-rs

169 518 253 584 arob.
269 513 365 580 Thes.
384 535 418 597 p-
432 524 463 585 8.
483 516 524 578 Ε.
547 503 640 591 αὖθις
654 512 834 597 ἐξήνθησαν
843 518 878 581 αἴ
888 512 1011 594 κακίαν,
1034 502 1130 576 denno
1147 510 1285 596 propul-

169 605 310 670 lulnbunt
322 600 450 678 sceler-o,
467 601 586 687 quibus
599 602 717 661 similia
731 605 824 684 plura
839 601 1059 684 reperiuntur,
1075 597 1165 660 unde
1178 610 1285 660 mans.

170 690 326 753 lationem
348 685 389 746 ad
412 707 461 749 res
484 686 582 748 etiam
601 690 698 746 malas
713 684 801 747 haud
822 684 1025 762 inusitatam,
1049 683 1283 763 demonstrem,

171 789 205 838 et
228 794 310 861 quae
333 768 373 831 ad
390 773 556 854 vulgatum
571 771 703 832 Luciani
716 768 870 832 tuendum
890 769 1038 833 adhiberi
1058 770 1195 853 queant.
1239 770 1285 829 Et

171 859 250 1006 puin
265 852 397 951 αὗχμεῖν
410 854 555 916 nondum
576 851 747 939 probatum
770 855 868 918 video
883 856 931 917 sio
943 861 1091 940 jonatum
1106 853 1210 933 ablat.
1232 859 1286 917 rel

25 1004 30 1015 ,
75 1000 77 1005 .
195 943 305 1019 αῑὶνσ,
320 956 446 1024 possem
459 939 501 1002 ad
515 944 681 1025 vulgatum
695 934 1032 1025 Lucioniproeedere‚
1054 936 1216 1019 (licendo,
1232 933 1285 1005 aiv.

168 1035 242 1097 θεῖν
256 1028 434 1109 ἐπιθυμίαις
448 1045 516 1086 non
532 1024 613 1087 adeo
629 1046 807 1110 repugnare
822 1026 1009 1111 analogiae,
1033 1024 1062 1085 ai
1079 1024 1283 1106 exposueris,

169 1113 313 1177 sterilem
329 1112 421 1172 illum
438 1109 537 1170 animi
550 1106 705 1188 fundum,
729 1123 767 1170 ut
777 1109 877 1172 bonas
897 1112 1024 1196 fruges,
1046 1110 1071 1170 i.
1087 1128 1116 1171 ο.
1130 1108 1281 1188 virtutes,

170 1218 240 1262 non
252 1197 345 1283 liert,
369 1195 415 1256 ita
436 1194 529 1256 vitiis
546 1191 763 1266 efflorescere,
784 1215 844 1261 ceu
859 1215 935 1279 ager
947 1194 1068 1257 sterilia
1085 1193 1202 1255 horret
1218 1193 1284 1275 epig

170 1284 241 1359 nis3
272 1294 306 1344 et
329 1303 401 1343 oum
423 1279 541 1342 herbae
564 1283 665 1341 malae
695 1299 798 1362 aeque
821 1300 895 1340 suos
919 1278 1113 1343 habeantet
1128 1276 1282 1362 o'opiosos

169 1366 287 1444 flores,
310 1386 348 1427 ao
370 1366 491 1443 honae,
524 1363 609 1425 nihil
622 1362 813 1446 probibere,
841 1384 908 1447 qno
927 1352 1036 1425 minui
1054 1376 1095 1424 et
1114 1353 1229 1429 ἆνθαῖν
1248 1362 1281 1422 in

169 1456 284 1518 malam
307 1472 408 1533 aeque
430 1453 600 1511 achonam
614 1462 736 1530 partem
758 1447 844 1509 trahi
887 1463 974 1513 neat.
1017 1447 1082 1511 Serl
1101 1447 1228 1513 nemini
1248 1445 1283 1519 ill

171 1534 330 1613 ohtrurlo,
354 1533 512 1596 indicasse
525 1533 604 1596 satis
617 1532 758 1612 habens,
780 1554 849 1595 non
860 1469 970 1597 ieme
982 1534 1148 1617 exempla,
1171 1531 1232 1597 ubi
1244 1531 1281 1594 de

171 1620 267 1685 rebus
281 1622 373 1681 malis
392 1618 535 1698 dicatur,
553 1638 590 1679 ae
612 1639 655 1679 ue
677 1638 714 1679 ao
737 1616 816 1696 alia',
842 1638 924 1703 quoa
947 1619 1028 1681 lieet
1042 1618 1084 1679 sla
1106 1638 1145 1681 re
1170 1616 1280 1681 lanrla·

171 1705 232 1768 bili
246 1698 506 1787 frequentissime
519 1636 755 1784 praeiioentur,
765 1704 871 1766 tamen
885 1703 1048 1766 interdum
1062 1716 1098 1769 et
1109 1700 1150 1764 tle
1166 1701 1280 1765 abhor·

171 1789 273 1853 renda
284 1791 434 1871 usurpari
448 1789 608 1865 novimus,
618 1801 656 1847 ut
662 1796 750 1862 θεῖος
763 1787 802 1848 de
817 1788 905 1851 omui
919 1811 970 1850 ma
1017 1810 1037 1851 o
1053 1808 1090 1873 ao
1102 1784 1277 1863 laudando,

215 1875 384 1961 μενεαίνεις
408 1871 464 1936 sed
485 1887 518 1936 et
537 1871 579 1933 rle
593 1871 711 1933 morbis
728 1871 865 1933 humana
880 1895 964 1945 reme
989 1873 1020 1935 ia
1041 1871 1276 1955 respuentibus.

172 1896 225 2023 iia
238 1957 385 2045 οὐράνιος
400 1958 481 2041 ”Aoo
503 1956 542 2022 (le
563 1977 679 2040 magna
694 1957 839 2040 pernicie
860 1980 901 2020 ex
915 1958 1055 2044 Aeschyi.
1069 1958 1158 2020 Pera.
1175 1956 1278 2019 alfere

172 2044 273 2107 modo
288 2043 438 2106 laudatus
453 2042 599 2106 Abrescb.
612 2064 686 2126 pag.
700 2050 771 2111 216.
790 2041 922 2128 adquae
946 2043 1017 2129 quis
1033 2041 1198 2127 excipiat,
1216 2039 1276 2102 hot

172 2129 420 2211 exponendum,
444 2124 602 2191 'Pemicies
618 2127 741 2190 coelitus
771 2125 912 2207 demissa,
942 2132 1090 2207 immisso,
1121 2125 1214 2211 quod
1239 2122 1276 2187 dn

172 2213 286 2276 morbo
301 2214 488 2299 Epileptioo
504 2214 572 2274 irae
584 2214 730 2274 Deorum
742 2212 914 2275 tribuendo
929 2215 1000 2296 pari
1015 2213 1143 2275 ratione
1158 2210 1276 2275 dinan

170 2298 227 2361 ait.
270 2300 363 2362 Esto.
408 2299 546 2360 Interim
559 2297 729 2375 rethorum
743 2297 820 2358 inde
835 2318 912 2358 usus
928 2296 1138 2380 probatur-in
1155 2308 1276 2358 utram-

197 2405 238 2445 ue
252 2388 361 2444 valere·
374 2398 513 2467 partem,
538 2388 573 2443 et!
585 2384 694 2443 forban
708 2382 792 2442 nihil
809 2383 843 2441 in
857 2384 991 2445 Luciam*
1005 2386 1140 2467 vulgato
1149 2396 1277 2443 mutu·

173 2403 261 2532 ium.
278 2467 343 2525 nisi
356 2469 410 2528 ille
425 2466 607 2553 asperitatis
621 2486 658 2525 ao
672 2467 913 2548 propullulandi
931 2467 1130 2552 significatus
1142 2468 1181 2537 in
1197 2482 1277 2529 com.

75 2574 82 2583 ’
171 2551 291 2633 positis
305 2565 432 2611 tantum
447 2553 484 2616 ἐπ
505 2584 549 2597 -
570 2566 602 2610 et
616 2552 773 2630 ἐξανθεῖν,
789 2572 856 2610 non
871 2553 996 2615 veroin
1012 2550 1155 2639 simplici
1169 2548 1278 2617 ἀνθεῖν

174 2636 295 2712 inesse,
316 2633 458 2695 lucidius
485 2634 619 2718 probari
638 2649 743 2719 queat.
768 2637 891 2697 lieren.
935 2639 975 2698 In
998 2658 1153 2715 arenoso,
1177 2634 1274 2711 arido,

173 2719 346 2780 siticuloso
360 2718 484 2782 deserto
500 2720 609 2781 sterile
621 2734 668 2781 est
680 2725 800 2799 solum,
823 2743 859 2782 ae
874 2743 962 2784 rarae
974 2722 1108 2800 herbae,
1123 2719 1275 2783 ratimari

173 2802 279 2870 flores.
322 2808 400 2865 Tale
416 2803 575 2866 desertum
596 2805 655 2865 vix
669 2804 762 2868 oredo
777 2806 809 2871 h.
823 2811 845 2869 l.
860 2807 895 2867 in
918 2809 1025 2875 animo
1041 2806 1195 2885 habuisse
1205 2804 1277 2867 Lu·-

172 2893 310 2966 rn'onum,
333 2890 391 2950 uhi
413 2884 527 2965 πολλάς
544 2914 577 2955 τε
592 2893 645 2954 καὶ
660 2886 767 2976 ἀγρίας
790 2894 954 2977 ἐπιθυμίας
977 2902 1220 2967 commemorat,
1242 2889 1277 2947 ia

172 2988 238 3035 tam
261 2990 412 3056 corrupta
454 2991 487 3037 et
519 2974 648 3038 foedata
678 2977 782 3037 anima
806 2983 1071 3062 propullulantes.
1126 2972 1277 3056 Intellige

111 3078 114 3083 ·
173 3058 277 3143 igitur
294 3061 404 3141 potius
419 3059 591 3145 imaginem
606 3060 744 3143 paludis,-
759 3061 815 3122 ubi
829 3069 932 3125 solnm
945 3066 1155 3138 lutulentum,
1177 3072 1211 3122 et
1223 3058 1277 3118 in·
1308 3096 1311 3101 ·

174 3164 252 3226 gans
271 3145 449 3206 multitudo
472 3163 506 3207 et
531 3147 667 3206 varietas
690 3143 802 3208 florum
823 3148 1056 3231 herbarumque
1075 3144 1275 3229 palustrium.

164 3228 218 3288 Et
233 3229 384 3309 probabis
400 3252 539 3308 merum,
562 3245 599 3290 nt
610 3232 706 3291 unice
720 3255 829 3310 veras,
852 3236 1009 3295 lectiones
1021 3226 1189 3311 intrusi,
1202 3242 1278 3291 ⁰0⁰⁴

172 3325 224 3372 tra
250 3312 361 3393 Scyth.
385 3335 411 3374 c.
425 3313 476 3396 9.)
500 3332 532 3376 et
547 3313 629 3391 ἰλύος
636 3365 645 3394 ,
669 3336 750 3398 quae
766 3340 832 3379 vox
846 3319 903 3400 qui
923 3315 1067 3379 facileh.
1086 3319 1110 3379 l.
1126 3313 1207 3377 oriri
1222 3318 1278 3395 p'o·

172 3396 289 3473 tuerit,
314 3420 379 3458 non
403 3400 515 3476 video,
549 3401 665 3462 clarius
690 3419 801 3463 contra
822 3403 993 3486 pervidens
1013 3398 1167 3465 vocabuli
1185 3401 1278 3477 δίψης

173 3481 345 3562 originem.
390 3481 538 3547 offendit
553 3501 656 3546 tamen
677 3485 784 3547 adhue
797 3486 855 3567 ciel,
879 3511 945 3551 vox
964 3485 1146 3551 admodum,
1159 3480 1280 3568 frigida

174 3564 209 3623 in
227 3564 290 3624 hoc
305 3583 471 3637 contextu,
506 3570 734 3648 scribendum,
749 3572 785 3631 ni
799 3574 912 3653 fallor,
927 3571 1011 3649 ἰλῦος
1024 3564 1276 3653 ἐμπιμπλάμενος·

177 3645 260 3713 Gall.
276 3650 396 3733 Longis
412 3655 672 3736 incomparabilis
687 3656 750 3716 viri
769 3657 936 3737 doctrina,
962 3676 1094 3719 acumen
1111 3669 1144 3716 et
1168 3668 1275 3714 auoto-

172 3730 252 3792 ritas
267 3740 376 3796 oculos
395 3737 547 3801 videntur
564 3744 741 3823 paullulum
758 3745 1017 3824 praestrinxisse,
1040 3755 1078 3801 ut
1099 3742 1275 3800 exclamat·

64 3852 67 3857 ·
173 3820 338 3897 potuerit:
361 3825 429 3884 Aut
443 3825 517 3886 tales
537 3831 720 3908 conjecturae
737 3824 795 3910 (ut
809 3825 933 3913 αὖχμεῑ)
954 3835 987 3892 in
999 3842 1116 3891 sextum
1129 3826 1275 3908 recipien-

173 3898 233 3967 dae
245 3920 327 3980 sunt,
350 3924 401 3967 aut
410 3932 531 3990 prorsus
544 3910 665 3972 nullae!
690 3913 807 3979 Latrat.
1131 3918 1136 3929 “
1162 3920 1173 3949 ’

182 4094 185 4099 ’
257 4071 330 4156 Pag.
354 4082 404 4144 39.
428 4082 448 4136 l·
471 4087 499 4146 8.
527 4072 716 4162 illustratione
733 4081 882 4164 ἓμααπὸν)
902 4085 991 4146 Ferri
1010 4094 1136 4171 potest,
1159 4092 1201 4140 ut
1220 4075 1272 4137 in-

174 4167 225 4218 ter
237 4156 300 4222 duo
320 4160 415 4224 verbu
430 4162 553 4224 medius
568 4168 768 4232 accusativus
789 4168 831 4233 ad
849 4184 1022 4258 utrumque
1041 4167 1221 4245 referatur,
1241 4171 1272 4223 ot
